1650 2612
168 213 226 247 40.

167 607 222 639 41.

167 1003 223 1034 42.

165 1397 220 1430 43.

161 1784 217 1815 44.

156 2170 212 2203 45.

252 213 358 254 Salve,
385 222 462 243 crux
486 212 527 244 ad
551 213 720 245 Dominum

299 260 437 300 dirigens
461 259 633 300 incensum,

250 306 339 338 Patri
364 305 521 338 Christum
547 305 681 337 offerens

297 353 442 385 manibus
467 355 641 392 extensum,

251 399 311 439 Qui
337 400 503 431 clamorem
526 400 662 431 moriens

297 447 402 478 emisit
423 446 619 489 immensum,

248 495 286 525 In
313 494 414 526 crucis
436 493 588 524 memoria

276 555 284 563 ·
296 544 440 573 nostrum
461 539 540 581 figat
562 549 699 573 sensum.

250 606 356 645 Salve,
384 615 471 647 erux,
499 615 515 637 e
541 614 668 639 carcere

299 655 416 686 ducens
443 652 637 693 confitentes,

251 701 380 733 Donans
404 700 591 740 patientiam

297 748 382 779 inter
404 750 640 787 persequentes,

250 795 340 827 Neve
364 795 551 826 mercenarii

296 842 392 873 simus
418 840 583 881 fugientes,

249 889 333 920 Vera
358 888 511 928 patientia

300 939 424 968 nostras
449 934 554 966 firmet
578 938 707 969 mentes.

250 1002 355 1042 Salve,
386 1010 472 1041 crux,
499 1011 560 1040 qua
584 1002 698 1041 spiritu

297 1048 442 1081 Christus
467 1048 612 1079 anxiatus

249 1096 285 1127 ln
312 1095 455 1126 obscuris
482 1103 614 1134 corpore

296 1140 357 1174 fuit
387 1141 568 1181 collocatus,

247 1189 352 1220 Iustus
377 1188 473 1220 iudex
501 1189 634 1220 omnium

294 1236 328 1267 in
353 1239 385 1267 te
408 1235 567 1266 iudicatus

250 1283 321 1315 Non
345 1283 445 1314 intret
469 1283 621 1314 iudicium

296 1339 365 1361 cum
391 1330 491 1362 servis
515 1330 624 1362 iratuS.

248 1395 353 1436 Salve,
380 1405 469 1435 crux,
496 1395 676 1435 superbiam

294 1442 406 1475 Goliae
430 1441 568 1483 frenare,

244 1490 410 1522 Maxillam
438 1489 614 1521 Leviathan

292 1540 404 1577 potens
429 1535 604 1576 perforare,

245 1584 411 1623 Mundum,
433 1592 569 1624 carnem,
590 1584 772 1616 daemonem

293 1640 352 1670 per
377 1634 409 1662 te
433 1639 594 1672 superare,

247 1677 326 1710 Suos
352 1678 459 1710 hostes
485 1678 620 1708 animam

293 1725 439 1758 Christus
466 1725 521 1756 det
546 1725 682 1756 domare.

244 1781 349 1824 Salve,
377 1790 464 1821 crux,
491 1790 553 1821 qua
578 1781 688 1813 veniae

291 1829 387 1861 datur
410 1828 587 1869 plenitudo,

242 1875 379 1909 Divinae
403 1875 565 1916 potentiae

291 1925 381 1963 patet
404 1922 599 1962 magnitudo,

242 1970 289 2001 Te
312 1970 435 2002 dierum
460 1970 597 2001 omnium

289 2018 400 2050 laudet
424 2017 600 2059 longitudo,

241 2065 326 2097 Tuas
350 2065 462 2097 laudes
488 2067 617 2096 resonet

290 2112 377 2144 orbis
403 2112 550 2146 latitudo,

240 2169 345 2211 Salve,
374 2178 461 2210 crux,
487 2168 526 2200 ab
546 2168 691 2200 omnibus

289 2217 385 2257 digna
409 2216 552 2259 salutari,

239 2264 347 2305 Digna
373 2264 476 2304 dignis
501 2263 649 2295 laudibus

288 2322 308 2344 a
334 2312 456 2344 eunctis
481 2311 617 2352 laudari,

220 2377 291 2404 Cod.
311 2377 476 2405 Londinen.
496 2377 568 2413 Reg.
589 2374 607 2403 2
627 2377 653 2404 A
674 2376 726 2404 IX.
748 2383 823 2402 saec.
845 2372 917 2403 ¹³l14.

844 418 900 450 46.

843 814 899 845 47.

843 1208 899 1239 48.

843 1593 898 1626 49.

841 1978 895 2011 50.

928 213 987 251 Qui
1011 220 1142 253 sperare
1166 213 1314 252 prohibet

974 260 1008 291 in
1031 268 1067 291 re
1092 260 1257 300 saeculari,

929 306 994 338 Nos
1018 306 1051 338 in
1077 306 1138 337 tuis
1163 306 1310 338 laudibus

976 354 1071 385 donet
1098 353 1259 387 delectari.

927 418 1031 457 Salve,
1058 428 1145 460 crux,
1173 428 1234 459 qua
1259 420 1402 460 sanguim

973 466 1072 497 mixta
1095 463 1167 497 fluit
1190 466 1285 507 unda,

926 513 1012 552 Quae
1038 521 1202 545 corvorum
1226 513 1344 553 pabula

973 560 1069 599 pullis
1096 560 1151 591 dat
1175 559 1323 603 fecunda,

928 606 972 638 Ut
995 607 1063 639 Deo
1087 606 1227 638 laudatio

972 657 1082 686 nostra
1106 654 1148 684 sit
1170 654 1318 696 iucunda,

928 700 989 732 Per
1013 704 1045 733 te
1069 701 1154 732 vocis
1182 710 1298 741 organo

973 757 1060 779 mens
1087 748 1258 779 concordet
1281 749 1408 782 munda.

926 813 1029 853 Salve,
1057 823 1144 854 crux,
1170 814 1342 845 Iemsalem

972 864 1065 900 porta
1089 861 1309 901 sempiternae,

930 908 1026 939 Porta
1050 908 1192 947 pandens
1218 908 1338 939 aditum

973 955 1096 993 patriae
1121 963 1285 997 supernae,

927 1001 986 1040 Qui
1011 1004 1139 1041 portant
1161 1001 1320 1033 miseriam

973 1049 1116 1080 sarcinae
1134 1049 1313 1091 modernae,

927 1095 989 1127 Per
1013 1098 1045 1127 te
1069 1095 1194 1126 laudem
1219 1096 1339 1136 gloriae

972 1143 1136 1174 modulent
1160 1145 1317 1175 aeternae.

926 1208 1031 1248 Salve,
1057 1217 1144 1249 crux,
1170 1216 1231 1247 qua
1255 1208 1360 1240 media

972 1253 1097 1286 factura
1121 1253 1282 1296 factorem,

927 1302 1078 1334 Creatura
1104 1301 1261 1340 quaelibet

971 1349 1082 1380 laudat
1107 1352 1298 1389 creatorem;

925 1395 1023 1434 Quem
1047 1395 1156 1426 mundi
1178 1395 1368 1427 laudabilem

971 1443 1135 1475 laudamus
1159 1445 1329 1483 auctorem,

922 1489 975 1521 Ad
1001 1490 1111 1521 laudes
1136 1493 1309 1528 perpetuae

970 1546 1026 1568 nos
1054 1537 1148 1568 ducat
1174 1536 1344 1569 dulcorem.

926 1592 1030 1632 Salve,
1057 1602 1143 1630 οπως,
1169 1593 1339 1625 restituens

971 1641 1092 1679 primae
1118 1640 1275 1682 dignitati,

923 1687 1006 1726 Quos
1030 1687 1126 1727 primi
1153 1687 1312 1719 deiecerat

970 1735 1095 1766 sarcina
1118 1736 1250 1773 peccati,

925 1782 987 1813 Per
1010 1784 1043 1813 te
1065 1790 1180 1813 novum
1207 1782 1363 1813 canticum

971 1830 1098 1860 cantent
1121 1829 1272 1868 renovati,

922 1874 1023 1906 Deum
1048 1875 1140 1907 laetis
1165 1875 1312 1907 laudibus

969 1922 1101 1955 laudent
1125 1922 1262 1956 liberati.

923 1978 1025 2020 Salve,
1053 1987 1140 2018 crux,
1166 1979 1298 2010 materia

969 2034 1108 2058 summae
1132 2026 1298 2066 melodiae,

923 2072 1013 2104 Finis
1041 2077 1072 2105 et
1095 2073 1237 2113 impletio

968 2124 1095 2153 nostrae
1119 2121 1330 2162 psalmodiae3

921 2167 980 2206 Qui
1005 2170 1119 2201 cuncta.
1145 2167 1275 2199 definiet

968 2216 1001 2246 in
1026 2218 1186 2256 postremo
1210 2216 1273 2256 die,

921 2262 987 2295 Nos
1012 2263 1045 2294 in
1070 2272 1147 2295 suae
1169 2263 1317 2295 laudibus

969 2311 1072 2342 salvet
1095 2310 1289 2346 harmoniae.
