1650 2612
690 61 940 97 ——198——

173 159 204 186 in
221 159 298 187 valle
312 159 347 186 Κ.
364 173 402 177 -
421 157 465 192 33,
478 157 495 186 3
506 168 547 195 sq.
579 158 658 185 Inter
677 159 776 192 spinas
796 158 848 184 flos
868 157 956 189 fuisti,
978 157 1054 184 Dum
1070 156 1207 183 ancillam
1221 158 1250 182 te
1262 155 1364 183 dixisti
1376 155 1412 182 Κ.
1427 168 1464 172 -

174 194 220 232 34,
234 195 253 224 3
264 197 381 224 ‘Veritas
403 204 463 233 qua
472 197 503 223 B.
515 211 554 215 —-
566 192 612 228 35,
626 193 644 223 3
662 195 718 222 Per
737 196 819 222 cuius
839 202 938 222 sumus
951 194 1038 222 ARN.
1050 207 1088 212 —
1102 194 1158 221 Str.
1171 191 1207 221 37
1221 193 1314 220 lautet
1325 193 1358 218 in
1370 192 1412 219 K:

562 242 632 275 Ave,
654 244 756 269 sancta
773 240 930 274 humilitas,

563 279 634 307 Sine
652 280 715 306 viro
738 278 907 312 fecunditas,

565 316 653 345 Ouius
674 318 856 343 annuntiatio

565 355 674 382 Nostra
692 354 749 381 fuit
767 354 936 389 redemptio.

176 399 220 436 38,
241 400 259 429 3
283 404 382 429 matris
403 402 435 428 B.
455 415 493 421 —
512 399 557 434 39,
577 399 597 428 4
614 401 657 428 Ut
675 400 846 435 adimpleret
864 408 952 436 opera
969 401 1006 428 K.
1028 416 1063 421 —
1083 398 1129 433 41,
1149 397 1168 425 2
1183 400 1263 433 Quae
1285 399 1411 426 floruisti
1430 402 1464 426 ut

174 440 209 468 K.
223 454 260 458 —
273 438 318 472 41,
334 437 351 467 3
371 439 412 466 Ut
432 439 509 475 quod
528 438 629 466 cedrus
649 438 686 472 B;
707 438 789 465 Sicut
807 437 909 465 cedrus
932 438 966 466 K.
982 453 1018 457 ——
1033 436 1078 471 41,
1092 437 1111 464 4
1131 436 1252 470 Quando
1268 438 1363 464 Deum
1376 437 1410 464 K.
1424 452 1462 456 —

170 475 216 510 42,
233 476 247 503 1
262 477 332 510 Ave,
345 478 438 512 virgo,
452 478 543 511 nupta
554 477 618 503 viro
630 475 666 502 K.
679 490 718 494 —
730 473 778 508 43,
791 474 808 502 2
821 475 915 503 Mater
930 476 984 502 Dei
997 475 1082 503 modo
1096 476 1131 503 K.
1152 489 1189 493 —
1202 472 1249 507 43,
1262 472 1280 502 3
1296 474 1459 502 sanctitudo

174 515 205 542 B.
228 529 265 533 —-
277 511 322 545 43,
336 513 356 541 4
375 514 524 550 long-itudo
545 511 578 541 B.
597 528 635 532 —
654 510 699 546 43,
714 512 734 540 4
749 514 840 540 Beata
861 514 891 539 in
912 515 943 546 B,
965 513 1071 541 Sancta
1092 512 1262 540 mulieribus
1282 513 1318 540 Κ.
1332 527 1369 531 —
1382 510 1428 545 44,
1442 511 1461 540 4

172 560 236 578 cum
256 551 291 579 K.
313 566 350 570 —
368 550 413 585 45,
433 551 446 578 1
467 551 542 578 diem
563 559 650 586 quam
668 550 701 583 B,
723 551 783 578 dies
805 558 879 586 quae
898 551 961 578 ΚΝ.
981 566 1018 569 -
1031 549 1076 584 45,
1091 549 1109 577 2
1127 552 1257 577 nostrum
1278 550 1354 577 diem
1373 550 1410 577 K.
1423 564 1460 568 —

169 587 215 621 46,
233 588 248 616 1
268 590 338 622 Ave,
358 589 428 616 felix
447 589 520 616 caeli
539 589 575 616 K.
595 603 632 607 —
646 586 691 621 46,
705 586 724 614 2
736 587 784 615 Ex
803 596 861 624 qua
881 588 986 616 mundo
1006 589 1057 616 lux
1068 589 1105 615 K.
1120 602 1157 607 -—
1170 586 1216 621 46,
1230 585 1247 614 3
1260 588 1317 615 Per
1336 590 1366 614 te
1383 588 1461 623 lapsi

169 626 205 654 Κ.
225 641 261 645 -
275 624 311 653 46
334 626 353 654 4
371 626 412 653 Et
424 627 547 654 humiles
561 626 753 653 sublimantur
765 626 797 653 B.
813 639 850 645 —‘
863 624 908 658 48,
924 625 941 654 3
955 627 1093 653 osculasti
1105 626 1141 654 Κ.
1155 641 1192 645 —
1204 623 1250 658 49,
1266 623 1281 652 1
1296 626 1357 653 Ave
1377 627 1459 653 cuius

169 666 325 692 centesima
338 665 370 691 Β.
393 680 428 684 -
449 662 494 694 50,
508 663 522 691 1
545 664 678 699 dogmate
689 663 725 690 K.
740 679 777 683 —
797 661 869 699 50,2
888 664 994 691 Nostro
1015 665 1138 699 superbo
1156 664 1189 697 Κ,
1212 665 1358 691 sceumate
1370 663 1405 690 A.
1421 678 1459 683 —

169 699 213 734 50,
228 700 245 728 3
261 702 415 729 Habitabit
433 702 589 729 aurabulus
605 703 639 736 B;
659 700 857 729 confovendus
878 702 1035 737 suscipitur
1048 702 1084 729 N.
1099 716 1132 721 —-
1148 699 1193 735 50,
1207 700 1228 729 4
1245 701 1305 728 Aut
1322 702 1404 728 cuius
1417 701 1458 735 Κ,

168 739 230 767 Nec
249 741 299 773 qui
320 741 423 773 iniqua
444 740 573 774 loquitur
592 740 628 767 N.

246 774 296 805 111.
317 778 382 804 Alle
402 776 544 812 Strophen
564 777 711 812 beginnen
730 778 783 804 mit
802 776 902 805 Gaude
920 777 956 804 N.
979 791 1011 795 —-
1028 774 1054 809 1,
1068 775 1087 803 4
1106 776 1212 812 peditis
1231 776 1267 803 N.
1281 791 1319 795 —
1331 774 1358 811 2,
1372 774 1390 802 2
1403 776 1459 804 Re-

169 815 323 842 formamur
337 816 378 847 K;
394 815 556 842 Renovavit
565 814 600 840 N.
613 828 652 832 —
668 812 693 847 2,
705 811 723 841 3
737 814 778 843 Ut
789 814 889 849 aquila
897 814 925 842 N
930 824 937 849 ;
960 814 1000 842 Ut
1013 817 1148 841 aeternae
1161 813 1268 841 candor
1281 814 1355 841 lucis
1368 815 1404 841 K.
1421 828 1459 832 —

171 850 196 884 2,
217 850 237 878 4
256 854 288 880 ut
307 854 387 879 senio
407 853 445 886 B,
468 852 558 884 Quem
579 853 611 878 111
631 852 736 884 orbem,
756 853 847 888 virgo,
871 851 952 879 ducis
965 852 1001 878 K.
1015 866 1054 871 --
1067 849 1092 885 3,
1113 850 1267 879 §.Fructus
1288 852 1350 879 alat
1364 852 1400 878 K.
1420 866 1459 869 —

168 889 195 920 4,
207 887 277 926 3sq.
297 890 411 917 Virtute
431 897 512 916 sacer
531 891 654 922 impetus
675 889 719 916 Ne
738 889 890 916 fluctuaret
910 890 1022 917 animus
1042 890 1078 916 K.
1099 903 1135 908 —-
1149 887 1174 922 5,
1197 887 1214 915 2
1234 890 1351 916 sanavit
1362 890 1400 916 K.
1423 905 1458 909 —-

166 927 249 954 Nach
275 926 332 955 Str.
356 926 373 954 5
399 927 451 953 hat
476 927 516 953 K:
544 928 620 960 Ave,
646 935 720 961 quae
746 934 810 954 eum
837 927 979 962 discipulo
1000 930 1069 960 etc„
1101 928 1149 954 cfr.
1179 926 1235 954 Str.
1255 923 1301 953 37.
1329 940 1365 945 —
1393 925 1419 961 6,
1440 924 1458 953 2

167 965 327 993 Universos
345 965 382 991 K.
404 979 438 982 —
459 963 485 999 6,
505 962 523 992 3
544 972 585 999 sq.
604 964 705 992 lauten
723 966 755 991 in
773 965 816 991 K:

558 1011 636 1044 Quos
655 1019 707 1047 per
727 1013 820 1038 crucis
841 1012 1008 1045 mysterium

557 1048 691 1076 Redemit
709 1052 791 1084 pater
811 1050 949 1077 omnium.

167 1094 193 1128 7,
215 1092 232 1121 3
251 1097 320 1121 tunc
338 1094 483 1130 psallebas
496 1095 531 1121 K.
546 1108 581 1113 —-
596 1094 621 1129 7,
636 1094 655 1122 4
675 1104 739 1122 cum
760 1096 915 1132 iungebras
932 1096 967 1124 K.
981 1110 1019 1114 —
1032 1093 1057 1128 9,
1074 1094 1088 1122 1
1109 1098 1201 1122 mater
1220 1097 1351 1123 iustitiae
1368 1097 1405 1124 K.
1419 1111 1456 1116 —-

168 1131 192 1165 9,
215 1129 232 1157 2
252 1135 281 1159 et
299 1133 457 1167 patientiae
477 1132 513 1158 Κ.
540 1150 561 1153 -
584 1130 609 1164 9,
631 1130 648 1160 3
667 1133 813 1168 protulisti
833 1134 965 1161 baculum
987 1134 1021 1160 A.
1034 1147 1072 1152 -—
1092 1131 1117 1165 9,
1132 1131 1152 1159 4
1170 1133 1216 1160 Ad
1236 1134 1456 1161 sustentandum

169 1170 307 1205 populum
332 1170 364 1196 A.
385 1183 422 1187 —
451 1166 494 1203 10,
515 1167 532 1195 2
554 1169 618 1202 Qua
636 1170 669 1197 fit
686 1171 727 1205 Α,
754 1171 800 1198 De
821 1178 875 1205 quo
896 1173 996 1198 nostra
1015 1170 1173 1206 redemptio
1193 1171 1229 1197 K.
1250 1186 1287 1190 —
1312 1169 1354 1204 10,
1375 1169 1393 1198 3
1413 1180 1455 1207 sq.

168 1207 269 1234 lauten
288 1207 319 1233 in
337 1208 377 1234 K:

556 1244 595 1272 Se
614 1245 709 1278 ipsum
728 1245 907 1279 exinaniens,

557 1281 613 1308 Pro
634 1282 718 1309 nobis
738 1285 858 1310 mortem
878 1283 1033 1310 sustinens.

169 1316 212 1350 11,
235 1316 249 1345 1
270 1319 371 1353 regina
389 1319 497 1346 nobilis
516 1320 551 1346 Κ.
571 1333 608 1337 -
630 1318 672 1352 12,
695 1317 710 1346 1
734 1321 815 1347 cuius
835 1321 984 1348 humilitas
1007 1322 1036 1354 B,
1057 1321 1221 1348 sublimitas
1235 1321 1276 1355 N,
1297 1321 1345 1349 die
1362 1330 1454 1357 ganze

171 1356 294 1391 Strophe
313 1355 405 1382 lautet
424 1357 456 1383 in
474 1356 514 1382 K:

556 1403 627 1436 Ave,
648 1404 730 1431 cuius
749 1405 890 1431 nativitas

556 1441 665 1469 Nost-ra
681 1441 738 1468 fuit
756 1442 935 1475 sollennitas,

556 1478 598 1506 Ut
617 1478 719 1506 lucifer
737 1479 789 1506 lux
809 1481 912 1512 oriens,

555 1516 662 1543 Verum
681 1516 771 1544 solem
791 1518 987 1552 praeveniens.

167 1549 209 1583 14,
225 1549 242 1577 2
262 1551 317 1578 Est
335 1555 436 1580 nostra
453 1554 486 1581 B.
506 1568 544 1573 —
565 1551 608 1587 14,
622 1552 642 1580 4
660 1557 748 1581 vexat
767 1555 876 1582 auxilio
897 1556 929 1582 B.
943 1568 980 1573 -—
996 1553 1039 1589 17,
1054 1554 1073 1582 4
1087 1556 1142 1589 Qui
1162 1557 1247 1584 nobis
1267 1558 1349 1585 nasci
1368 1559 1404 1586 K.
1418 1573 1456 1578 -—

165 1589 221 1617 Str.
243 1587 278 1616 19
297 1589 389 1616 lautet
408 1592 440 1618 111
456 1591 496 1619 K:

553 1628 624 1661 Ave,
646 1636 722 1665 quae
742 1629 777 1656 de
795 1629 925 1657 incolatu

552 1666 656 1693 Mundi
674 1666 762 1694 huius
783 1670 812 1694 et
831 1668 946 1703 ploratu

553 1703 597 1731 Ad
617 1704 720 1737 locum,
742 1713 827 1741 quem
846 1706 980 1742 posuisti,

554 1742 610 1768 Per
629 1743 766 1770 virtutem
785 1743 949 1771 ascendisti.

163 1777 220 1805 Str.
245 1775 280 1804 18
299 1777 377 1804 steht
396 1786 433 1804 an
453 1778 542 1806 Stelle
562 1787 620 1805 von
640 1778 674 1807 21
695 1780 731 1807 Κ.
762 1794 788 1799 —
808 1778 852 1816 22,
866 1779 886 1807 4
898 1781 1008 1809 Probro
1029 1782 1064 1815 K,
1079 1782 1172 1810 Probo
1186 1783 1219 1810 B.
1232 1797 1271 1802 -—
1291 1782 1335 1818 23,
1352 1782 1369 1810 2
1382 1785 1457 1812 Tute

161 1814 249 1841 huius
269 1815 305 1842 N.
325 1831 361 1835 —
381 1813 426 1849 27,
447 1815 462 1843 1
482 1819 574 1844 mater
593 1817 629 1844 K.
651 1833 687 1838 -—
706 1816 751 1852 27,
772 1816 791 1843 2
808 1820 893 1853 virgo
915 1819 993 1846 dicta
1013 1820 1049 1847 K.
1065 1834 1102 1839 —
1115 1818 1162 1854 28,
1181 1819 1200 1847 2
1220 1829 1280 1848 non
1300 1823 1457 1850 criminosa

163 1852 194 1882 Β,
224 1861 282 1879 11011
303 1860 474 1881 aerumnosa
492 1854 520 1881 N
528 1865 534 1885 ;
554 1855 649 1882 Mater
667 1855 753 1882 valde
771 1864 913 1891 generosa
934 1857 969 1884 Κ.
990 1871 1028 1876 —
1047 1855 1093 1891 28,
1113 1859 1133 1886 4
1152 1858 1246 1887 Simul
1266 1862 1345 1887 caret
1362 1861 1398 1887 K.
1418 1875 1457 1880 -—

162 1888 206 1922 29,
221 1888 239 1915 2
258 1899 363 1917 nomen
382 1891 438 1918 Dei
457 1891 493 1919 Κ.
514 1906 550 1911 —
570 1890 616 1924 30,
631 1890 649 1919 3
668 1893 777 1929 Magna
796 1902 887 1929 parva
907 1897 1050 1930 reputasti
1064 1896 1100 1924 K.
1122 1910 1158 1915 ——
1172 1894 1217 1930 32,
1238 1895 1256 1924 2
1271 1897 1312 1924 Et
1330 1906 1457 1933 superna

162 1928 199 1954 K.
220 1942 254 1945 —
276 1925 320 1960 32,
341 1925 359 1955 3
379 1936 419 1964 sq.
441 1929 539 1955 lauten
558 1931 589 1956 in
609 1931 650 1957 K:

552 1976 618 2003 Hoc
636 1981 782 2012 unguento
803 1981 832 2005 te
851 1980 985 2015 perfudit,

553 2015 633 2041 Deus
654 2017 686 2041 in
706 2018 735 2042 te
755 2024 849 2044 rorem
869 2017 950 2044 fudit.

162 2046 207 2080 32,
227 2047 247 2075 4
265 2047 337 2094 fehlt
351 2050 386 2076 A.
400 2065 435 2068 -ν
456 2047 500 2082 33,
517 2048 534 2076 2
554 2051 589 2078 In
609 2060 666 2087 qua
686 2056 753 2080 sunt
775 2057 877 2081 saneta
895 2055 928 2088 B,
948 2055 984 2083 In
1003 2064 1061 2090 qua
1075 2060 1192 2083 sanctus
1207 2060 1236 2084 et.
1248 2055 1277 2091 (Ξ)
1290 2061 1456 2087 sanctorum

160 2087 196 2113 K.
212 2099 247 2103 -
261 2083 306 2118 33,
326 2084 344 2113 3
364 2087 547 2115 extendentes
561 2089 597 2116 Κ.
612 2103 649 2108 —
669 2086 714 2122 35,
731 2089 745 2117 1
761 2091 856 2119 Deum
869 2100 943 2127 quae
955 2094 992 2128 K,
1007 2101 1094 2129 quem
1104 2094 1222 2123 lactasti
1235 2095 1267 2122 B.
1282 2110 1317 2114 —
1332 2093 1379 2132 35,
1389 2094 1408 2124 3
1422 2100 1458 2125 ut

161 2124 256 2151 Deum
276 2126 318 2158 153
344 2124 438 2151 dieser
468 2125 526 2152 und
546 2126 596 2153 der
616 2127 750 2164 folgende
771 2128 859 2156 Vers:
881 2130 927 2157 De
947 2139 1030 2159 cruce
1051 2131 1118 2157 dum
1138 2131 1300 2167 deponitur,
1321 2133 1459 2169 Sepulcro

160 2170 211 2196 per
231 2163 261 2188 te
279 2161 403 2189 traditur
415 2163 451 2189 K.
473 2176 508 2182 α-
529 2162 585 2190 Str.
599 2161 635 2191 36
655 2165 748 2192 lautet
766 2166 798 2192 in
817 2167 859 2194 K:

550 2211 621 2243 Ave,
643 2211 725 2239 dulce
746 2216 957 2249 commercium,

549 2249 644 2276 Tuum
664 2250 787 2277 caeleste
806 2253 948 2286 gremium

552 2286 720 2314 Hodiernae
738 2288 790 2315 lux
808 2289 875 2323 diei,

552 2324 663 2352 Domus
682 2325 738 2352 fuit
756 2328 875 2362 requiei.
