1650 2612
153 534 184 567 4.

152 1177 171 1208 6

147 1823 179 1855 S.

144 2156 176 2187 9.

212 214 291 252 Ave,
317 221 399 254 rosa,
426 218 527 247 mater
551 215 650 258 floris,

209 260 312 292 Tanta
338 260 398 293 fuit
423 262 471 293 vis
496 263 613 295 amoris

259 307 336 339 Tuis
361 307 394 339 in
421 309 606 349 visceribus,

211 353 257 386 Ut
281 354 308 385 si
334 354 417 387 forte
443 365 516 388 casu
541 356 641 397 fleret,

213 401 276 434 Cor
300 405 477 434 maternum
503 413 575 436 mox
600 404 765 446 langueret

261 447 370 481 Saevis
394 449 424 480 in
452 451 624 484 doloribus.

211 534 292 576 Ave,
319 543 401 573 rosa,
429 544 521 575 quam
546 536 713 576 instanter,

210 581 309 619 Quam
336 582 450 621 votive,
479 591 571 621 quam
596 587 727 616 ovanter

258 628 387 660 Menses
413 630 482 661 aevi
504 639 660 671 numeras,

214 675 303 714 Quod
329 676 480 708 tardabat
502 678 670 716 gradiendi

212 723 476 763 Facultatemque
497 724 658 767 loquendi,

258 769 351 802 Votis
376 772 411 801 tu
435 771 604 803 acceleras.

212 854 291 895 Ave,
317 864 401 896 rosa,
429 859 460 887 et
483 856 613 897 laetare,

211 902 295 934 Dum
320 903 472 935 maternis
497 903 550 934 hie
574 907 701 943 reptare

259 949 409 982 Nondum
437 951 535 982 sciret
558 951 689 990 sinibus,

213 996 324 1028 Novae
348 997 436 1029 sidus
461 997 614 1029 claritatis

211 1044 341 1075 Testem
365 1044 463 1076 mittit
486 1044 630 1076 veritatis

258 1089 489 1123 Chaldaeorum
510 1090 636 1124 finibus,

209 1176 289 1215 Ave,
315 1184 397 1219 rosa,
424 1184 507 1216 ecce,
534 1176 622 1216 Magi

210 1223 372 1261 Quaerunt
396 1232 501 1263 regem
527 1223 619 1262 parvi
643 1223 716 1264 pagi

257 1269 364 1302 Ductu
389 1270 467 1302 clari
490 1270 616 1310 sideris,

212 1316 374 1349 Delectari
397 1319 451 1349 tuo
473 1316 551 1349 flore

209 1364 324 1404 Sponsi
351 1368 481 1396 currunt
504 1364 537 1396 in
562 1363 660 1397 odore

256 1411 338 1444 Voto
369 1411 467 1444 dandi
491 1411 640 1444 muneris.

210 1497 290 1538 Ave,
316 1506 398 1536 rosa,
423 1498 454 1529 vi
479 1497 587 1529 odoris

210 1544 426 1576 Attrahuntur
450 1544 618 1576 salvatoris

259 1590 422 1623 suavitate
446 1591 517 1629 lilii,

212 1639 352 1672 Cernunt
365 1638 503 1675 tandem,
523 1638 580 1670 sed
592 1639 757 1678 iacentem,

209 1687 246 1719 In
270 1685 439 1725 praesaepi
464 1686 640 1725 vagientem

260 1731 338 1765 Vilis
365 1732 543 1765 diversorii.

206 1820 287 1858 Ave,
314 1828 398 1860 rosa,
423 1819 495 1858 pias
517 1820 638 1849 mentes

207 1867 279 1899 Non
307 1865 477 1898 conturbat
500 1865 659 1898 intuentes

253 1914 351 1954 Regis
375 1914 453 1945 haec
478 1912 674 1953 pannositas,

208 1963 292 2003 Quas
318 1961 467 1993 nimirum
491 1960 692 2000 illustrando,

206 2010 326 2042 Lucem
350 2009 435 2041 intus
461 2007 634 2048 aspirando

252 2057 420 2090 Edocebat
446 2056 573 2089 veritas.

203 2154 285 2193 Ave,
311 2162 396 2192 rosa,
423 2152 541 2184 trinum
566 2160 678 2183 munus

206 2200 334 2234 Christo
360 2201 476 2242 ferunt,
503 2199 557 2239 qui
583 2200 631 2231 est
654 2206 734 2230 unus

252 2248 413 2291 Splendor
438 2246 505 2279 veri
530 2245 668 2286 luminis,

206 2294 403 2329 Profitentur
428 2295 529 2327 Deum
555 2296 627 2326 ture

203 2344 292 2376 Auro
318 2352 434 2385 regem,
462 2351 569 2374 murra
592 2342 662 2373 iure

254 2391 455 2430 sepulturam
480 2390 626 2422 hominis.

751 122 817 157 127

836 219 888 251 10.

834 539 887 571 11.

833 859 886 890 12.

830 1176 882 1208 13.

828 1500 882 1532 14.

828 1819 884 1852 15.

831 2151 885 2185 16.

915 220 994 259 Ave,
1021 227 1101 256 rosa,
1128 219 1297 251 recordare

914 267 951 299 In
977 267 1155 305 Aegyptum
1179 268 1398 305 transportare

960 313 1041 345 Dum
1067 312 1185 344 iuberis
1210 312 1319 350 filiuni,

913 360 1033 399 Fugam
1058 369 1157 400 pavor
1182 360 1350 396 celerabat,

915 406 976 439 Sed
1001 406 1146 439 miranda
1172 407 1360 439 dulcorabat

962 453 1083 486 Caritas
1109 454 1263 486 exsilium.

914 539 993 578 Ave,
1020 547 1102 580 rosa,
1128 539 1202 571 hinc
1223 547 1348 571 reversa

913 585 979 618 Iam
1005 586 1131 625 pavoris
1156 586 1239 617 nube
1264 588 1349 618 tersa

960 631 1120 665 Nazareth
1142 633 1329 673 regrederis,

913 678 1007 720 Hinc,
1034 688 1051 710 o
1077 680 1149 712 Iesu
1174 679 1346 724 Nazarene,

912 725 1033 758 Nomen
1059 734 1164 765 suave,
1189 735 1299 758 nomen
1324 727 1395 759 lene

959 773 1127 805 Possidere
1153 773 1302 807 crederis,

913 858 993 899 Ave,
1020 866 1102 898 rosa,
1127 857 1185 890 flos
1210 858 1368 897 perennis,

912 906 1000 938 Iesus
1025 908 1096 936 tuus
1123 905 1299 937 duodennis

961 951 1036 984 Cum
1063 952 1096 983 in
1120 951 1199 984 urbe
1223 952 1378 993 perditur,

911 997 1088 1031 Arescebas
1112 999 1145 1031 in
1171 1007 1323 1039 maerore,

910 1046 972 1079 Gor
996 1047 1173 1077 maternum
1196 1053 1275 1085 prae
1300 1046 1410 1078 dolore

959 1092 1073 1125 Gladio
1099 1092 1303 1132 transfigitur.

909 1178 988 1218 Ave,
1014 1185 1096 1219 rosa,
1116 1185 1208 1217 quam
1225 1186 1287 1209 non
1307 1176 1433 1214 stando,

910 1226 1009 1263 Quam
1033 1224 1190 1256 instanter
1210 1223 1411 1263 pergyrando

957 1270 1131 1303 Anfractus
1155 1271 1304 1302 itinerum

911 1319 999 1350 Inter
1024 1320 1114 1350 notos
1141 1322 1172 1350 et
1196 1318 1323 1358 amicos,

910 1367 971 1398 Per
994 1367 1139 1405 patentes
1165 1365 1253 1397 urbis
1279 1365 1363 1397 vicos

956 1412 1089 1444 Dulcem
1114 1413 1239 1452 quaeris
1264 1421 1405 1451 puerum.

910 1499 989 1541 Ave,
1018 1506 1102 1539 rosa,
1129 1501 1161 1530 te
1185 1500 1356 1538 quaerente

909 1547 1014 1578 Iesum
1040 1547 1136 1586 tuum,
1165 1554 1235 1577 cum
1259 1549 1390 1585 repente

956 1592 1035 1625 Flos
1059 1592 1178 1625 effulsit
1200 1593 1339 1633 inclitus,

910 1639 987 1672 Mox
1013 1641 1166 1672 maeroris
1192 1643 1277 1672 torsa
1301 1641 1384 1672 mole

910 1686 1000 1719 Novo
1026 1687 1116 1727 quasi
1140 1689 1209 1719 orto
1234 1687 1302 1719 sole

957 1734 1042 1765 Tuus
1068 1735 1184 1774 gaudet
1209 1734 1352 1774 spiritus.

910 1820 989 1859 Ave,
1015 1828 1098 1858 rosa,
1127 1828 1220 1860 quam
1243 1819 1389 1862 benigne,

914 1868 1010 1906 Quam
1036 1867 1151 1899 amoris
1179 1866 1294 1899 blando
1319 1867 1391 1907 igne

957 1913 1079 1946 Osculis
1106 1913 1275 1956 excipitur,

910 1961 974 1993 Sed
1000 1962 1199 2000 stupendum,
1224 1962 1311 1994 Deus
1336 1972 1356 1994 a
1378 1964 1410 1993 te

910 2009 999 2049 Quod
1024 2011 1169 2041 materna
1192 2009 1312 2050 pietate

958 2056 1068 2097 Fugae
1092 2057 1304 2097 redarguitur.

912 2155 992 2191 Ave,
1017 2160 1101 2193 rosa,
1126 2153 1199 2183 tuus
1223 2152 1279 2184 ille

911 2200 972 2231 Per
997 2199 1130 2231 virtutes
1158 2199 1231 2231 dum
1255 2199 1302 2231 sic
1329 2200 1416 2232 mille

957 2246 1087 2279 Transit
1113 2247 1291 2288 pueritiam,

911 2295 1029 2327 Tecum
1044 2294 1168 2335 sedens,
1190 2296 1293 2327 tecum
1311 2296 1434 2338 stando,

910 2341 983 2374 Tibi
1008 2342 1079 2383 iuge
1101 2341 1285 2375 famulando

957 2389 1141 2423 Exhibebat
1164 2390 1310 2429 gratiam.
