<?xml version="1.0" encoding="UTF-8"?>
<!DOCTYPE html PUBLIC "-//W3C//DTD XHTML 1.0 Transitional//EN"
    "http://www.w3.org/TR/xhtml1/DTD/xhtml1-transitional.dtd">
<html xmlns="http://www.w3.org/1999/xhtml" xml:lang="en" lang="en">
 <head>
  <title>
</title>
<meta http-equiv="Content-Type" content="text/html;charset=utf-8" />
  <meta name='ocr-system' content='tesseract 3.04.00' />
  <meta name='ocr-capabilities' content='ocr_page ocr_carea ocr_par ocr_line ocrx_word'/>
</head>
<body>
  <div class='ocr_page' id='page_1' title='image "./analectahymnica35drevuoft_00215.png"; bbox 0 0 1650 2612; ppageno 0'>
   <div class='ocr_carea' id='block_1_1' title="bbox 245 200 300 232">
    <p class='ocr_par' dir='ltr' id='par_1_1' title="bbox 245 200 300 232">
     <span class='ocr_line' id='line_1_1' title="bbox 245 200 300 232; baseline -0.018 0"><span class='ocrx_word' id='word_1_1' title='bbox 245 200 300 232; x_wconf 80' lang='lat'>30.</span> 
     </span>
    </p>
   </div>
   <div class='ocr_carea' id='block_1_2' title="bbox 247 601 301 633">
    <p class='ocr_par' dir='ltr' id='par_1_2' title="bbox 247 601 301 633">
     <span class='ocr_line' id='line_1_2' title="bbox 247 601 301 633; baseline -0.019 0"><span class='ocrx_word' id='word_1_2' title='bbox 247 601 301 633; x_wconf 82' lang='lat'>31.</span> 
     </span>
    </p>
   </div>
   <div class='ocr_carea' id='block_1_3' title="bbox 247 1003 301 1035">
    <p class='ocr_par' dir='ltr' id='par_1_3' title="bbox 247 1003 301 1035">
     <span class='ocr_line' id='line_1_3' title="bbox 247 1003 301 1035; baseline 0 -1"><span class='ocrx_word' id='word_1_3' title='bbox 247 1003 301 1035; x_wconf 85' lang='lat'>32.</span> 
     </span>
    </p>
   </div>
   <div class='ocr_carea' id='block_1_4' title="bbox 251 1403 303 1435">
    <p class='ocr_par' dir='ltr' id='par_1_4' title="bbox 251 1403 303 1435">
     <span class='ocr_line' id='line_1_4' title="bbox 251 1403 303 1435; baseline 0 -1"><span class='ocrx_word' id='word_1_4' title='bbox 251 1403 303 1435; x_wconf 81' lang='lat'>33.</span> 
     </span>
    </p>
   </div>
   <div class='ocr_carea' id='block_1_5' title="bbox 251 1806 304 1838">
    <p class='ocr_par' dir='ltr' id='par_1_5' title="bbox 251 1806 304 1838">
     <span class='ocr_line' id='line_1_5' title="bbox 251 1806 304 1838; baseline 0 -1"><span class='ocrx_word' id='word_1_5' title='bbox 251 1806 304 1838; x_wconf 89' lang='lat'>34.</span> 
     </span>
    </p>
   </div>
   <div class='ocr_carea' id='block_1_6' title="bbox 247 2208 300 2240">
    <p class='ocr_par' dir='ltr' id='par_1_6' title="bbox 247 2208 300 2240">
     <span class='ocr_line' id='line_1_6' title="bbox 247 2208 300 2240; baseline 0.019 -1"><span class='ocrx_word' id='word_1_6' title='bbox 247 2208 300 2240; x_wconf 85' lang='lat'>35.</span> 
     </span>
    </p>
   </div>
   <div class='ocr_carea' id='block_1_7' title="bbox 740 99 993 134">
    <p class='ocr_par' dir='ltr' id='par_1_7' title="bbox 740 99 993 134">
     <span class='ocr_line' id='line_1_7' title="bbox 740 99 993 134; baseline -0.004 0"><span class='ocrx_word' id='word_1_7' title='bbox 740 99 993 134; x_wconf 80' lang='lat'>—212—</span> 
     </span>
    </p>
   </div>
   <div class='ocr_carea' id='block_1_8' title="bbox 325 197 691 555">
    <p class='ocr_par' dir='ltr' id='par_1_8' title="bbox 325 197 691 555">
     <span class='ocr_line' id='line_1_8' title="bbox 325 197 581 237; baseline -0.012 -7"><span class='ocrx_word' id='word_1_8' title='bbox 325 199 405 237; x_wconf 72' lang='lat' dir='ltr'>Ave,</span> <span class='ocrx_word' id='word_1_9' title='bbox 428 197 581 236; x_wconf 83' lang='lat' dir='ltr'>unigeniti</span> 
     </span>
     <span class='ocr_line' id='line_1_9' title="bbox 374 242 638 282; baseline -0.008 -7"><span class='ocrx_word' id='word_1_10' title='bbox 374 244 481 275; x_wconf 87' lang='lat' dir='ltr'>domus</span> <span class='ocrx_word' id='word_1_11' title='bbox 506 242 638 282; x_wconf 88' lang='lat' dir='ltr'>uterina,</span> 
     </span>
     <span class='ocr_line' id='line_1_10' title="bbox 326 289 631 332; baseline -0.013 -8"><span class='ocrx_word' id='word_1_12' title='bbox 326 291 461 332; x_wconf 82' lang='lat' dir='ltr'><strong>Spiritus</strong></span> <span class='ocrx_word' id='word_1_13' title='bbox 485 289 631 329; x_wconf 83' lang='lat' dir='ltr'>paracliti</span> 
     </span>
     <span class='ocr_line' id='line_1_11' title="bbox 374 336 615 377; baseline -0.008 -9"><span class='ocrx_word' id='word_1_14' title='bbox 374 339 460 368; x_wconf 87' lang='lat' dir='ltr'>casta</span> <span class='ocrx_word' id='word_1_15' title='bbox 479 336 615 377; x_wconf 78' lang='lat' dir='ltr'>officina,</span> 
     </span>
     <span class='ocr_line' id='line_1_12' title="bbox 326 382 678 424; baseline -0.011 -8"><span class='ocrx_word' id='word_1_16' title='bbox 326 385 398 416; x_wconf 86' lang='lat' dir='ltr'>Non</span> <span class='ocrx_word' id='word_1_17' title='bbox 422 384 542 424; x_wconf 89' lang='lat' dir='ltr'>polluta</span> <span class='ocrx_word' id='word_1_18' title='bbox 566 382 678 414; x_wconf 83' lang='lat' dir='ltr'>foetidi</span> 
     </span>
     <span class='ocr_line' id='line_1_13' title="bbox 371 429 651 469; baseline -0.011 -7"><span class='ocrx_word' id='word_1_19' title='bbox 371 431 462 463; x_wconf 84' lang='lat' dir='ltr'>luxus</span> <span class='ocrx_word' id='word_1_20' title='bbox 487 439 505 462; x_wconf 89' lang='lat' dir='ltr'>a</span> <span class='ocrx_word' id='word_1_21' title='bbox 529 429 651 469; x_wconf 87' lang='lat' dir='ltr'>pruina,</span> 
     </span>
     <span class='ocr_line' id='line_1_14' title="bbox 327 476 691 517; baseline -0.008 -8"><span class='ocrx_word' id='word_1_22' title='bbox 327 479 411 517; x_wconf 77' lang='lat' dir='ltr'>Quae</span> <span class='ocrx_word' id='word_1_23' title='bbox 436 482 484 507; x_wconf 86' lang='lat' dir='ltr'>est</span> <span class='ocrx_word' id='word_1_24' title='bbox 508 485 577 508; x_wconf 88' lang='lat' dir='ltr'>esus</span> <span class='ocrx_word' id='word_1_25' title='bbox 601 476 691 506; x_wconf 86' lang='lat' dir='ltr'>vetiti</span> 
     </span>
     <span class='ocr_line' id='line_1_15' title="bbox 374 522 646 555; baseline -0.004 -1"><span class='ocrx_word' id='word_1_26' title='bbox 374 532 467 555; x_wconf 86' lang='lat' dir='ltr'>causa</span> <span class='ocrx_word' id='word_1_27' title='bbox 493 531 524 554; x_wconf 81' lang='lat' dir='ltr'>et</span> <span class='ocrx_word' id='word_1_28' title='bbox 547 522 646 555; x_wconf 89' lang='lat' dir='ltr'>ruina.</span> 
     </span>
    </p>
   </div>
   <div class='ocr_carea' id='block_1_9' title="bbox 327 597 690 957">
    <p class='ocr_par' dir='ltr' id='par_1_9' title="bbox 327 597 690 957">
     <span class='ocr_line' id='line_1_16' title="bbox 327 597 690 637; baseline -0.006 -7"><span class='ocrx_word' id='word_1_29' title='bbox 327 599 463 631; x_wconf 78' lang='lat' dir='ltr'>Nostrae</span> <span class='ocrx_word' id='word_1_30' title='bbox 486 597 690 637; x_wconf 84' lang='lat' dir='ltr'><strong>plenitudinis</strong></span> 
     </span>
     <span class='ocr_line' id='line_1_17' title="bbox 371 643 670 685; baseline -0.007 -9"><span class='ocrx_word' id='word_1_31' title='bbox 371 654 432 676; x_wconf 88' lang='lat' dir='ltr'>vox</span> <span class='ocrx_word' id='word_1_32' title='bbox 458 643 670 685; x_wconf 80' lang='lat' dir='ltr'>confessionis,</span> 
     </span>
     <span class='ocr_line' id='line_1_18' title="bbox 327 691 682 729; baseline -0.008 -5"><span class='ocrx_word' id='word_1_33' title='bbox 327 693 375 724; x_wconf 91' lang='lat' dir='ltr'>Tu</span> <span class='ocrx_word' id='word_1_34' title='bbox 399 692 537 723; x_wconf 87' lang='lat' dir='ltr'>tribunal</span> <span class='ocrx_word' id='word_1_35' title='bbox 559 691 682 729; x_wconf 82' lang='lat' dir='ltr'>iudicis,</span> 
     </span>
     <span class='ocr_line' id='line_1_19' title="bbox 371 737 681 780; baseline -0.003 -11"><span class='ocrx_word' id='word_1_36' title='bbox 371 738 500 770; x_wconf 87' lang='lat' dir='ltr'>thronus</span> <span class='ocrx_word' id='word_1_37' title='bbox 525 737 681 780; x_wconf 83' lang='lat' dir='ltr'>sessionis,</span> 
     </span>
     <span class='ocr_line' id='line_1_20' title="bbox 328 784 668 825; baseline -0.003 -8"><span class='ocrx_word' id='word_1_38' title='bbox 328 785 455 825; x_wconf 82' lang='lat' dir='ltr'>Tribue,</span> <span class='ocrx_word' id='word_1_39' title='bbox 480 788 515 816; x_wconf 89' lang='lat' dir='ltr'>ut</span> <span class='ocrx_word' id='word_1_40' title='bbox 539 784 668 816; x_wconf 87' lang='lat' dir='ltr'>lubricis</span> 
     </span>
     <span class='ocr_line' id='line_1_21' title="bbox 373 830 617 864; baseline -0.004 -1"><span class='ocrx_word' id='word_1_41' title='bbox 373 835 405 863; x_wconf 90' lang='lat' dir='ltr'>et</span> <span class='ocrx_word' id='word_1_42' title='bbox 428 830 617 864; x_wconf 88' lang='lat' dir='ltr'>confusionis</span> 
     </span>
     <span class='ocr_line' id='line_1_22' title="bbox 329 879 593 911; baseline 0 -1"><span class='ocrx_word' id='word_1_43' title='bbox 329 879 449 911; x_wconf 85' lang='lat' dir='ltr'>Nudati</span> <span class='ocrx_word' id='word_1_44' title='bbox 474 879 593 911; x_wconf 83' lang='lat' dir='ltr'>exuviis</span> 
     </span>
     <span class='ocr_line' id='line_1_23' title="bbox 371 924 677 957; baseline 0.003 -1"><span class='ocrx_word' id='word_1_45' title='bbox 371 934 556 957; x_wconf 80' lang='lat' dir='ltr'>renovemur</span> <span class='ocrx_word' id='word_1_46' title='bbox 578 924 677 957; x_wconf 85' lang='lat' dir='ltr'>bouis.</span> 
     </span>
    </p>
   </div>
   <div class='ocr_carea' id='block_1_10' title="bbox 325 1000 712 1366">
    <p class='ocr_par' dir='ltr' id='par_1_10' title="bbox 325 1000 712 1366">
     <span class='ocr_line' id='line_1_24' title="bbox 326 1000 701 1041; baseline -0.003 -9"><span class='ocrx_word' id='word_1_47' title='bbox 326 1001 384 1040; x_wconf 93' lang='lat' dir='ltr'>Tu,</span> <span class='ocrx_word' id='word_1_48' title='bbox 407 1009 486 1039; x_wconf 88' lang='lat' dir='ltr'>quae</span> <span class='ocrx_word' id='word_1_49' title='bbox 510 1000 701 1041; x_wconf 80' lang='lat' dir='ltr'>castimonia,</span> 
     </span>
     <span class='ocr_line' id='line_1_25' title="bbox 374 1047 712 1089; baseline 0.003 -12"><span class='ocrx_word' id='word_1_50' title='bbox 374 1047 470 1086; x_wconf 86' lang='lat' dir='ltr'>virgo,</span> <span class='ocrx_word' id='word_1_51' title='bbox 496 1055 549 1077; x_wconf 92' lang='lat' dir='ltr'>cor</span> <span class='ocrx_word' id='word_1_52' title='bbox 571 1048 712 1089; x_wconf 79' lang='lat' dir='ltr'>sacrasti,</span> 
     </span>
     <span class='ocr_line' id='line_1_26' title="bbox 325 1093 653 1127; baseline -0.006 -1"><span class='ocrx_word' id='word_1_53' title='bbox 325 1095 396 1127; x_wconf 89' lang='lat' dir='ltr'>Hoc</span> <span class='ocrx_word' id='word_1_54' title='bbox 418 1094 450 1124; x_wconf 90' lang='lat' dir='ltr'>in</span> <span class='ocrx_word' id='word_1_55' title='bbox 476 1093 653 1124; x_wconf 86' lang='lat' dir='ltr'>testimonia</span> 
     </span>
     <span class='ocr_line' id='line_1_27' title="bbox 375 1140 645 1179; baseline 0 -9"><span class='ocrx_word' id='word_1_56' title='bbox 375 1140 453 1179; x_wconf 84' lang='lat' dir='ltr'>legis</span> <span class='ocrx_word' id='word_1_57' title='bbox 477 1140 645 1179; x_wconf 85' lang='lat' dir='ltr'>inclinasti,</span> 
     </span>
     <span class='ocr_line' id='line_1_28' title="bbox 327 1187 655 1226; baseline -0.003 -8"><span class='ocrx_word' id='word_1_58' title='bbox 327 1188 370 1218; x_wconf 85' lang='lat' dir='ltr'>Et</span> <span class='ocrx_word' id='word_1_59' title='bbox 394 1187 466 1226; x_wconf 86' lang='lat' dir='ltr'>quia</span> <span class='ocrx_word' id='word_1_60' title='bbox 488 1187 520 1217; x_wconf 91' lang='lat' dir='ltr'>in</span> <span class='ocrx_word' id='word_1_61' title='bbox 544 1187 655 1218; x_wconf 87' lang='lat' dir='ltr'>semita</span> 
     </span>
     <span class='ocr_line' id='line_1_29' title="bbox 374 1233 660 1274; baseline 0 -10"><span class='ocrx_word' id='word_1_62' title='bbox 374 1233 463 1264; x_wconf 91' lang='lat' dir='ltr'>verbi</span> <span class='ocrx_word' id='word_1_63' title='bbox 484 1233 660 1274; x_wconf 79' lang='lat' dir='ltr'>ambulasti,</span> 
     </span>
     <span class='ocr_line' id='line_1_30' title="bbox 328 1280 589 1319; baseline 0 -7"><span class='ocrx_word' id='word_1_64' title='bbox 328 1281 404 1313; x_wconf 69' lang='lat' dir='ltr'>ideo</span> <span class='ocrx_word' id='word_1_65' title='bbox 428 1280 461 1310; x_wconf 84' lang='lat' dir='ltr'>in</span> <span class='ocrx_word' id='word_1_66' title='bbox 484 1281 589 1319; x_wconf 78' lang='lat' dir='ltr'>patria</span> 
     </span>
     <span class='ocr_line' id='line_1_31' title="bbox 373 1327 687 1366; baseline 0.006 -9"><span class='ocrx_word' id='word_1_67' title='bbox 373 1327 456 1358; x_wconf 90' lang='lat' dir='ltr'>viam</span> <span class='ocrx_word' id='word_1_68' title='bbox 481 1327 687 1366; x_wconf 81' lang='lat' dir='ltr'>praeparasti.</span> 
     </span>
    </p>
   </div>
   <div class='ocr_carea' id='block_1_11' title="bbox 325 1402 727 1769">
    <p class='ocr_par' dir='ltr' id='par_1_11' title="bbox 325 1402 727 1769">
     <span class='ocr_line' id='line_1_32' title="bbox 327 1402 666 1443; baseline -0.006 -9"><span class='ocrx_word' id='word_1_69' title='bbox 327 1402 406 1443; x_wconf 59' lang='lat' dir='ltr'>Are,</span> <span class='ocrx_word' id='word_1_70' title='bbox 433 1410 512 1441; x_wconf 85' lang='lat' dir='ltr'>quae</span> <span class='ocrx_word' id='word_1_71' title='bbox 536 1402 666 1441; x_wconf 86' lang='lat' dir='ltr'>eloquiis</span> 
     </span>
     <span class='ocr_line' id='line_1_33' title="bbox 374 1448 609 1488; baseline 0.004 -9"><span class='ocrx_word' id='word_1_72' title='bbox 374 1448 434 1479; x_wconf 91' lang='lat' dir='ltr'>Dei</span> <span class='ocrx_word' id='word_1_73' title='bbox 459 1452 609 1488; x_wconf 85' lang='lat' dir='ltr'>occupata</span> 
     </span>
     <span class='ocr_line' id='line_1_34' title="bbox 330 1495 603 1535; baseline -0.007 -7"><span class='ocrx_word' id='word_1_74' title='bbox 330 1495 479 1528; x_wconf 81' lang='lat' dir='ltr'>Caritatis</span> <span class='ocrx_word' id='word_1_75' title='bbox 504 1496 603 1535; x_wconf 82' lang='lat' dir='ltr'>copiis</span> 
     </span>
     <span class='ocr_line' id='line_1_35' title="bbox 374 1543 650 1583; baseline 0 -11"><span class='ocrx_word' id='word_1_76' title='bbox 374 1543 457 1573; x_wconf 89' lang='lat' dir='ltr'>intus</span> <span class='ocrx_word' id='word_1_77' title='bbox 483 1551 515 1573; x_wconf 89' lang='lat' dir='ltr'>es</span> <span class='ocrx_word' id='word_1_78' title='bbox 542 1543 650 1583; x_wconf 84' lang='lat' dir='ltr'>ditata,</span> 
     </span>
     <span class='ocr_line' id='line_1_36' title="bbox 325 1588 619 1630; baseline -0.003 -10"><span class='ocrx_word' id='word_1_79' title='bbox 325 1590 407 1620; x_wconf 84' lang='lat' dir='ltr'>Meis</span> <span class='ocrx_word' id='word_1_80' title='bbox 433 1588 482 1620; x_wconf 81' lang='lat' dir='ltr'>fer</span> <span class='ocrx_word' id='word_1_81' title='bbox 505 1590 619 1630; x_wconf 86' lang='lat' dir='ltr'>inopiis</span> 
     </span>
     <span class='ocr_line' id='line_1_37' title="bbox 373 1636 716 1676; baseline 0.003 -10"><span class='ocrx_word' id='word_1_82' title='bbox 373 1636 590 1674; x_wconf 87' lang='lat' dir='ltr'>supplementa</span> <span class='ocrx_word' id='word_1_83' title='bbox 616 1640 716 1676; x_wconf 86' lang='lat' dir='ltr'>grata,</span> 
     </span>
     <span class='ocr_line' id='line_1_38' title="bbox 330 1683 610 1722; baseline -0.004 -7"><span class='ocrx_word' id='word_1_84' title='bbox 330 1683 385 1715; x_wconf 89' lang='lat' dir='ltr'>Uti</span> <span class='ocrx_word' id='word_1_85' title='bbox 408 1683 462 1721; x_wconf 86' lang='lat' dir='ltr'>pia</span> <span class='ocrx_word' id='word_1_86' title='bbox 485 1683 610 1722; x_wconf 89' lang='lat' dir='ltr'>populis</span> 
     </span>
     <span class='ocr_line' id='line_1_39' title="bbox 377 1730 727 1769; baseline 0.006 -9"><span class='ocrx_word' id='word_1_87' title='bbox 377 1738 500 1768; x_wconf 88' lang='lat' dir='ltr'>semper</span> <span class='ocrx_word' id='word_1_88' title='bbox 525 1731 568 1761; x_wconf 90' lang='lat' dir='ltr'>sis</span> <span class='ocrx_word' id='word_1_89' title='bbox 593 1730 727 1769; x_wconf 82' lang='lat' dir='ltr'>placata.</span> 
     </span>
    </p>
   </div>
   <div class='ocr_carea' id='block_1_12' title="bbox 325 1805 743 2172">
    <p class='ocr_par' dir='ltr' id='par_1_12' title="bbox 331 1805 740 1937">
     <span class='ocr_line' id='line_1_40' title="bbox 331 1805 740 1847; baseline 0.005 -11"><span class='ocrx_word' id='word_1_90' title='bbox 331 1805 435 1836; x_wconf 83' lang='lat' dir='ltr'>Mater</span> <span class='ocrx_word' id='word_1_91' title='bbox 457 1805 527 1847; x_wconf 85' lang='lat' dir='ltr'>Dei,</span> <span class='ocrx_word' id='word_1_92' title='bbox 554 1813 673 1836; x_wconf 89' lang='lat' dir='ltr'>memor</span> <span class='ocrx_word' id='word_1_93' title='bbox 696 1807 740 1838; x_wconf 89' lang='lat' dir='ltr'>sis</span> 
     </span>
     <span class='ocr_line' id='line_1_41' title="bbox 375 1852 673 1892; baseline 0.007 -10"><span class='ocrx_word' id='word_1_94' title='bbox 375 1860 502 1890; x_wconf 87' lang='lat' dir='ltr'>precum</span> <span class='ocrx_word' id='word_1_95' title='bbox 528 1852 673 1892; x_wconf 89' lang='lat' dir='ltr'>filiorum,</span> 
     </span>
     <span class='ocr_line' id='line_1_42' title="bbox 331 1899 712 1937; baseline 0.003 -7"><span class='ocrx_word' id='word_1_96' title='bbox 331 1899 389 1937; x_wconf 85' lang='lat' dir='ltr'>Qui</span> <span class='ocrx_word' id='word_1_97' title='bbox 414 1902 487 1929; x_wconf 88' lang='lat' dir='ltr'>sunt</span> <span class='ocrx_word' id='word_1_98' title='bbox 510 1901 555 1930; x_wconf 92' lang='lat' dir='ltr'>tui</span> <span class='ocrx_word' id='word_1_99' title='bbox 579 1900 712 1931; x_wconf 87' lang='lat' dir='ltr'>nominis</span> 
     </span>
    </p>

    <p class='ocr_par' dir='ltr' id='par_1_13' title="bbox 325 1950 743 2032">
     <span class='ocr_line' id='line_1_43' title="bbox 377 1950 743 1987; baseline 0.008 -11"><span class='ocrx_word' id='word_1_100' title='bbox 377 1954 541 1987; x_wconf 85' lang='lat' dir='ltr'>memores,</span> <span class='ocrx_word' id='word_1_101' title='bbox 565 1950 600 1978; x_wconf 86' lang='lat' dir='ltr'>ut</span> <span class='ocrx_word' id='word_1_102' title='bbox 623 1956 743 1978; x_wconf 88' lang='lat' dir='ltr'>morum</span> 
     </span>
     <span class='ocr_line' id='line_1_44' title="bbox 325 1991 627 2032; baseline 0.003 -8"><span class='ocrx_word' id='word_1_103' title='bbox 325 1991 493 2031; x_wconf 84' lang='lat' dir='ltr'>Insignitos</span> <span class='ocrx_word' id='word_1_104' title='bbox 517 1994 627 2032; x_wconf 83' lang='lat' dir='ltr'>tituliS,</span> 
     </span>
    </p>

    <p class='ocr_par' dir='ltr' id='par_1_14' title="bbox 328 2040 665 2119">
     <span class='ocr_line' id='line_1_45' title="bbox 375 2040 665 2080; baseline 0.014 -12"><span class='ocrx_word' id='word_1_105' title='bbox 375 2040 510 2070; x_wconf 82' lang='lat' dir='ltr'>maxime</span> <span class='ocrx_word' id='word_1_106' title='bbox 531 2043 665 2080; x_wconf 84' lang='lat' dir='ltr'>tuorum,</span> 
     </span>
     <span class='ocr_line' id='line_1_46' title="bbox 328 2086 619 2119; baseline 0.01 -3"><span class='ocrx_word' id='word_1_107' title='bbox 328 2086 468 2117; x_wconf 84' lang='lat' dir='ltr'>Maculet</span> <span class='ocrx_word' id='word_1_108' title='bbox 491 2087 619 2119; x_wconf 88' lang='lat' dir='ltr'>infectio</span> 
     </span>
    </p>

    <p class='ocr_par' dir='ltr' id='par_1_15' title="bbox 375 2132 695 2172">
     <span class='ocr_line' id='line_1_47' title="bbox 375 2132 695 2172; baseline 0.013 -10"><span class='ocrx_word' id='word_1_109' title='bbox 375 2132 463 2164; x_wconf 86' lang='lat' dir='ltr'>nulla</span> <span class='ocrx_word' id='word_1_110' title='bbox 486 2138 695 2172; x_wconf 87' lang='lat' dir='ltr'>peccatorum.</span> 
     </span>
    </p>
   </div>
   <div class='ocr_carea' id='block_1_13' title="bbox 325 2206 688 2334">
    <p class='ocr_par' dir='ltr' id='par_1_16' title="bbox 325 2206 688 2334">
     <span class='ocr_line' id='line_1_48' title="bbox 325 2206 628 2251; baseline 0.007 -12"><span class='ocrx_word' id='word_1_111' title='bbox 325 2208 404 2244; x_wconf 81' lang='lat' dir='ltr'>Ave,</span> <span class='ocrx_word' id='word_1_112' title='bbox 430 2206 490 2238; x_wconf 86' lang='lat' dir='ltr'>Dei</span> <span class='ocrx_word' id='word_1_113' title='bbox 514 2209 628 2251; x_wconf 70' lang='lat' dir='ltr'>portio‚</span> 
     </span>
     <span class='ocr_line' id='line_1_49' title="bbox 373 2254 688 2297; baseline 0.013 -13"><span class='ocrx_word' id='word_1_114' title='bbox 373 2254 468 2296; x_wconf 88' lang='lat' dir='ltr'>salve,</span> <span class='ocrx_word' id='word_1_115' title='bbox 495 2255 555 2287; x_wconf 90' lang='lat' dir='ltr'>Dei</span> <span class='ocrx_word' id='word_1_116' title='bbox 579 2260 688 2297; x_wconf 85' lang='lat' dir='ltr'>mater,</span> 
     </span>
     <span class='ocr_line' id='line_1_50' title="bbox 327 2300 585 2334; baseline 0.004 -1"><span class='ocrx_word' id='word_1_117' title='bbox 327 2302 411 2333; x_wconf 82' lang='lat' dir='ltr'>Tuus</span> <span class='ocrx_word' id='word_1_118' title='bbox 436 2300 496 2332; x_wconf 90' lang='lat' dir='ltr'>Dei</span> <span class='ocrx_word' id='word_1_119' title='bbox 520 2302 585 2334; x_wconf 92' lang='lat' dir='ltr'>filio</span> 
     </span>
    </p>
   </div>
   <div class='ocr_carea' id='block_1_14' title="bbox 373 2348 744 2395">
    <p class='ocr_par' dir='ltr' id='par_1_17' title="bbox 373 2348 744 2395">
     <span class='ocr_line' id='line_1_51' title="bbox 373 2348 744 2395; baseline 0.003 -14"><span class='ocrx_word' id='word_1_120' title='bbox 373 2350 483 2381; x_wconf 83' lang='lat' dir='ltr'>venter</span> <span class='ocrx_word' id='word_1_121' title='bbox 507 2348 607 2382; x_wconf 85' lang='lat' dir='ltr'>factus</span> <span class='ocrx_word' id='word_1_122' title='bbox 632 2354 744 2395; x_wconf 75' lang='lat' dir='ltr'>crater,</span> 
     </span>
    </p>
   </div>
   <div class='ocr_carea' id='block_1_15' title="bbox 917 411 971 443">
    <p class='ocr_par' dir='ltr' id='par_1_18' title="bbox 917 411 971 443">
     <span class='ocr_line' id='line_1_52' title="bbox 917 411 971 443; baseline 0.019 -1"><span class='ocrx_word' id='word_1_123' title='bbox 917 411 971 443; x_wconf 79' lang='lat'>36.</span> 
     </span>
    </p>
   </div>
   <div class='ocr_carea' id='block_1_16' title="bbox 916 814 970 847">
    <p class='ocr_par' dir='ltr' id='par_1_19' title="bbox 916 814 970 847">
     <span class='ocr_line' id='line_1_53' title="bbox 916 814 970 847; baseline 0.037 -2"><span class='ocrx_word' id='word_1_124' title='bbox 916 814 970 847; x_wconf 84' lang='lat'>37.</span> 
     </span>
    </p>
   </div>
   <div class='ocr_carea' id='block_1_17' title="bbox 917 1217 972 1248">
    <p class='ocr_par' dir='ltr' id='par_1_20' title="bbox 917 1217 972 1248">
     <span class='ocr_line' id='line_1_54' title="bbox 917 1217 972 1248; baseline 0 0"><span class='ocrx_word' id='word_1_125' title='bbox 917 1217 972 1248; x_wconf 85' lang='lat'>38.</span> 
     </span>
    </p>
   </div>
   <div class='ocr_carea' id='block_1_18' title="bbox 921 1620 976 1651">
    <p class='ocr_par' dir='ltr' id='par_1_21' title="bbox 921 1620 976 1651">
     <span class='ocr_line' id='line_1_55' title="bbox 921 1620 976 1651; baseline 0 0"><span class='ocrx_word' id='word_1_126' title='bbox 921 1620 976 1651; x_wconf 84' lang='lat'>39.</span> 
     </span>
    </p>
   </div>
   <div class='ocr_carea' id='block_1_19' title="bbox 921 2026 975 2057">
    <p class='ocr_par' dir='ltr' id='par_1_22' title="bbox 921 2026 975 2057">
     <span class='ocr_line' id='line_1_56' title="bbox 921 2026 975 2057; baseline -0.037 0"><span class='ocrx_word' id='word_1_127' title='bbox 921 2026 975 2057; x_wconf 76' lang='lat'>40.</span> 
     </span>
    </p>
   </div>
   <div class='ocr_carea' id='block_1_20' title="bbox 998 194 1470 373">
    <p class='ocr_par' dir='ltr' id='par_1_23' title="bbox 998 194 1470 373">
     <span class='ocr_line' id='line_1_57' title="bbox 998 194 1331 226; baseline -0.003 0"><span class='ocrx_word' id='word_1_128' title='bbox 998 194 1132 226; x_wconf 83' lang='lat' dir='ltr'>Gentem</span> <span class='ocrx_word' id='word_1_129' title='bbox 1155 194 1196 226; x_wconf 85' lang='lat' dir='ltr'>ab</span> <span class='ocrx_word' id='word_1_130' title='bbox 1220 194 1331 226; x_wconf 82' lang='lat' dir='ltr'>exsilio</span> 
     </span>
     <span class='ocr_line' id='line_1_58' title="bbox 1044 240 1470 281; baseline -0.005 -10"><span class='ocrx_word' id='word_1_131' title='bbox 1044 240 1149 278; x_wconf 87' lang='lat' dir='ltr'>solvit,</span> <span class='ocrx_word' id='word_1_132' title='bbox 1176 250 1269 281; x_wconf 85' lang='lat' dir='ltr'>quam</span> <span class='ocrx_word' id='word_1_133' title='bbox 1292 240 1375 280; x_wconf 88' lang='lat' dir='ltr'>quod</span> <span class='ocrx_word' id='word_1_134' title='bbox 1401 241 1470 271; x_wconf 87' lang='lat' dir='ltr'>ater</span> 
     </span>
     <span class='ocr_line' id='line_1_59' title="bbox 998 287 1381 327; baseline -0.003 -9"><span class='ocrx_word' id='word_1_135' title='bbox 998 287 1099 318; x_wconf 92' lang='lat' dir='ltr'>Locus</span> <span class='ocrx_word' id='word_1_136' title='bbox 1125 291 1249 326; x_wconf 87' lang='lat' dir='ltr'>captam</span> <span class='ocrx_word' id='word_1_137' title='bbox 1269 287 1381 327; x_wconf 90' lang='lat' dir='ltr'>tenuit,</span> 
     </span>
     <span class='ocr_line' id='line_1_60' title="bbox 1045 332 1406 373; baseline 0.003 -10"><span class='ocrx_word' id='word_1_138' title='bbox 1045 332 1122 364; x_wconf 83' lang='lat' dir='ltr'>fecit</span> <span class='ocrx_word' id='word_1_139' title='bbox 1144 333 1280 366; x_wconf 80' lang='lat' dir='ltr'>mendax</span> <span class='ocrx_word' id='word_1_140' title='bbox 1303 336 1406 373; x_wconf 85' lang='lat' dir='ltr'>pater,</span> 
     </span>
    </p>
   </div>
   <div class='ocr_carea' id='block_1_21' title="bbox 997 408 1387 769">
    <p class='ocr_par' dir='ltr' id='par_1_24' title="bbox 997 408 1387 546">
     <span class='ocr_line' id='line_1_61' title="bbox 998 408 1387 448; baseline -0.003 -8"><span class='ocrx_word' id='word_1_141' title='bbox 998 408 1093 448; x_wconf 76' lang='lat' dir='ltr'>Regis</span> <span class='ocrx_word' id='word_1_142' title='bbox 1118 417 1225 448; x_wconf 85' lang='lat' dir='ltr'>regum</span> <span class='ocrx_word' id='word_1_143' title='bbox 1250 409 1387 439; x_wconf 87' lang='lat' dir='ltr'>omnium</span> 
     </span>
     <span class='ocr_line' id='line_1_62' title="bbox 1043 455 1345 497; baseline 0 -11"><span class='ocrx_word' id='word_1_144' title='bbox 1043 457 1145 487; x_wconf 86' lang='lat' dir='ltr'>mater</span> <span class='ocrx_word' id='word_1_145' title='bbox 1170 455 1345 497; x_wconf 85' lang='lat' dir='ltr'>benedicta,</span> 
     </span>
     <span class='ocr_line' id='line_1_63' title="bbox 997 501 1366 546; baseline 0 -13"><span class='ocrx_word' id='word_1_146' title='bbox 997 503 1117 534; x_wconf 91' lang='lat' dir='ltr'>Bonum</span> <span class='ocrx_word' id='word_1_147' title='bbox 1143 511 1234 543; x_wconf 88' lang='lat' dir='ltr'>roges</span> <span class='ocrx_word' id='word_1_148' title='bbox 1258 501 1366 546; x_wconf 83' lang='lat' dir='ltr'>filium,</span> 
     </span>
    </p>

    <p class='ocr_par' dir='ltr' id='par_1_25' title="bbox 998 550 1379 637">
     <span class='ocr_line' id='line_1_64' title="bbox 1045 550 1379 592; baseline 0.003 -12"><span class='ocrx_word' id='word_1_149' title='bbox 1045 558 1137 589; x_wconf 89' lang='lat' dir='ltr'>quam</span> <span class='ocrx_word' id='word_1_150' title='bbox 1162 552 1196 581; x_wconf 84' lang='lat' dir='ltr'>tu</span> <span class='ocrx_word' id='word_1_151' title='bbox 1220 558 1252 581; x_wconf 91' lang='lat' dir='ltr'>es</span> <span class='ocrx_word' id='word_1_152' title='bbox 1278 550 1379 592; x_wconf 86' lang='lat' dir='ltr'>enixa,</span> 
     </span>
     <span class='ocr_line' id='line_1_65' title="bbox 998 595 1376 637; baseline -0.003 -8"><span class='ocrx_word' id='word_1_153' title='bbox 998 596 1043 630; x_wconf 90' lang='lat' dir='ltr'>Ut</span> <span class='ocrx_word' id='word_1_154' title='bbox 1067 597 1227 637; x_wconf 88' lang='lat' dir='ltr'>propellat</span> <span class='ocrx_word' id='word_1_155' title='bbox 1250 595 1376 629; x_wconf 83' lang='lat' dir='ltr'>noxium</span> 
     </span>
    </p>

    <p class='ocr_par' dir='ltr' id='par_1_26' title="bbox 997 643 1386 733">
     <span class='ocr_line' id='line_1_66' title="bbox 1042 643 1384 686; baseline 0.003 -12"><span class='ocrx_word' id='word_1_156' title='bbox 1042 643 1174 686; x_wconf 85' lang='lat' dir='ltr'>hostem,</span> <span class='ocrx_word' id='word_1_157' title='bbox 1200 643 1241 676; x_wconf 82' lang='lat' dir='ltr'>ad</span> <span class='ocrx_word' id='word_1_158' title='bbox 1269 644 1384 676; x_wconf 85' lang='lat' dir='ltr'>delicta</span> 
     </span>
     <span class='ocr_line' id='line_1_67' title="bbox 997 691 1386 733; baseline 0 -10"><span class='ocrx_word' id='word_1_159' title='bbox 997 691 1193 723; x_wconf 74' lang='lat' dir='ltr'>incentorem</span> <span class='ocrx_word' id='word_1_160' title='bbox 1219 691 1386 733; x_wconf 88' lang='lat' dir='ltr'>hominum,</span> 
     </span>
    </p>

    <p class='ocr_par' dir='ltr' id='par_1_27' title="bbox 1042 737 1299 769">
     <span class='ocr_line' id='line_1_68' title="bbox 1042 737 1299 769; baseline 0.004 -1"><span class='ocrx_word' id='word_1_161' title='bbox 1042 737 1183 769; x_wconf 83' lang='lat' dir='ltr'>bonitate</span> <span class='ocrx_word' id='word_1_162' title='bbox 1208 738 1299 769; x_wconf 83' lang='lat' dir='ltr'>victa.</span> 
     </span>
    </p>
   </div>
   <div class='ocr_carea' id='block_1_22' title="bbox 996 812 1378 1173">
    <p class='ocr_par' dir='ltr' id='par_1_28' title="bbox 996 812 1378 1173">
     <span class='ocr_line' id='line_1_69' title="bbox 996 812 1304 845; baseline -0.003 0"><span class='ocrx_word' id='word_1_163' title='bbox 996 812 1131 845; x_wconf 87' lang='lat' dir='ltr'>Intimae</span> <span class='ocrx_word' id='word_1_164' title='bbox 1155 813 1304 845; x_wconf 84' lang='lat' dir='ltr'>scientiae</span> 
     </span>
     <span class='ocr_line' id='line_1_70' title="bbox 1043 858 1287 899; baseline 0.004 -9"><span class='ocrx_word' id='word_1_165' title='bbox 1043 858 1112 891; x_wconf 84' lang='lat' dir='ltr'>fore</span> <span class='ocrx_word' id='word_1_166' title='bbox 1133 861 1287 899; x_wconf 85' lang='lat' dir='ltr'>apotheca</span> 
     </span>
     <span class='ocr_line' id='line_1_71' title="bbox 1000 906 1295 946; baseline -0.007 -7"><span class='ocrx_word' id='word_1_167' title='bbox 1000 906 1098 939; x_wconf 87' lang='lat' dir='ltr'>Manu</span> <span class='ocrx_word' id='word_1_168' title='bbox 1122 906 1295 946; x_wconf 87' lang='lat' dir='ltr'>sapientiae</span> 
     </span>
     <span class='ocr_line' id='line_1_72' title="bbox 1045 952 1333 993; baseline 0 -9"><span class='ocrx_word' id='word_1_169' title='bbox 1045 952 1130 985; x_wconf 84' lang='lat' dir='ltr'>faeta</span> <span class='ocrx_word' id='word_1_170' title='bbox 1154 962 1187 984; x_wconf 84' lang='lat' dir='ltr'>es</span> <span class='ocrx_word' id='word_1_171' title='bbox 1212 962 1333 993; x_wconf 84' lang='lat' dir='ltr'>serena,</span> 
     </span>
     <span class='ocr_line' id='line_1_73' title="bbox 996 1000 1378 1040; baseline 0.003 -10"><span class='ocrx_word' id='word_1_172' title='bbox 996 1001 1061 1040; x_wconf 79' lang='lat' dir='ltr'>Quo</span> <span class='ocrx_word' id='word_1_173' title='bbox 1086 1000 1207 1039; x_wconf 87' lang='lat' dir='ltr'>primae</span> <span class='ocrx_word' id='word_1_174' title='bbox 1231 1001 1378 1032; x_wconf 87' lang='lat' dir='ltr'>vesaniae</span> 
     </span>
     <span class='ocr_line' id='line_1_74' title="bbox 1047 1047 1334 1087; baseline -0.003 -9"><span class='ocrx_word' id='word_1_175' title='bbox 1047 1047 1148 1078; x_wconf 90' lang='lat' dir='ltr'>dirum</span> <span class='ocrx_word' id='word_1_176' title='bbox 1171 1049 1334 1087; x_wconf 86' lang='lat' dir='ltr'>apostema</span> 
     </span>
     <span class='ocr_line' id='line_1_75' title="bbox 1000 1093 1318 1134; baseline 0 -9"><span class='ocrx_word' id='word_1_177' title='bbox 1000 1093 1066 1125; x_wconf 91' lang='lat' dir='ltr'>Tuo</span> <span class='ocrx_word' id='word_1_178' title='bbox 1093 1095 1318 1134; x_wconf 81' lang='lat' dir='ltr'>cataplasmate</span> 
     </span>
     <span class='ocr_line' id='line_1_76' title="bbox 1046 1139 1348 1173; baseline 0.007 -2"><span class='ocrx_word' id='word_1_179' title='bbox 1046 1139 1195 1172; x_wconf 91' lang='lat' dir='ltr'>funderet</span> <span class='ocrx_word' id='word_1_180' title='bbox 1220 1149 1348 1173; x_wconf 86' lang='lat' dir='ltr'>venena.</span> 
     </span>
    </p>
   </div>
   <div class='ocr_carea' id='block_1_23' title="bbox 998 1216 1409 1585">
    <p class='ocr_par' dir='ltr' id='par_1_29' title="bbox 998 1216 1409 1585">
     <span class='ocr_line' id='line_1_77' title="bbox 998 1216 1320 1257; baseline 0.003 -10"><span class='ocrx_word' id='word_1_181' title='bbox 998 1216 1077 1257; x_wconf 62' lang='lat' dir='ltr'>slave,</span> <span class='ocrx_word' id='word_1_182' title='bbox 1105 1216 1190 1248; x_wconf 89' lang='lat' dir='ltr'>cuius</span> <span class='ocrx_word' id='word_1_183' title='bbox 1216 1216 1320 1248; x_wconf 86' lang='lat' dir='ltr'>anima</span> 
     </span>
     <span class='ocr_line' id='line_1_78' title="bbox 1044 1262 1362 1302; baseline 0.003 -9"><span class='ocrx_word' id='word_1_184' title='bbox 1044 1263 1125 1294; x_wconf 90' lang='lat' dir='ltr'>mira</span> <span class='ocrx_word' id='word_1_185' title='bbox 1149 1272 1210 1295; x_wconf 91' lang='lat' dir='ltr'>non</span> <span class='ocrx_word' id='word_1_186' title='bbox 1237 1262 1362 1302; x_wconf 88' lang='lat' dir='ltr'>defecit,</span> 
     </span>
     <span class='ocr_line' id='line_1_79' title="bbox 1000 1310 1372 1350; baseline 0.008 -11"><span class='ocrx_word' id='word_1_187' title='bbox 1000 1310 1076 1342; x_wconf 88' lang='lat' dir='ltr'>Cum</span> <span class='ocrx_word' id='word_1_188' title='bbox 1100 1310 1133 1341; x_wconf 91' lang='lat' dir='ltr'>in</span> <span class='ocrx_word' id='word_1_189' title='bbox 1158 1319 1192 1341; x_wconf 91' lang='lat' dir='ltr'>se</span> <span class='ocrx_word' id='word_1_190' title='bbox 1216 1311 1372 1350; x_wconf 85' lang='lat' dir='ltr'>magnalia</span> 
     </span>
     <span class='ocr_line' id='line_1_80' title="bbox 1045 1356 1377 1399; baseline 0.006 -13"><span class='ocrx_word' id='word_1_191' title='bbox 1045 1365 1158 1397; x_wconf 84' lang='lat' dir='ltr'>magna</span> <span class='ocrx_word' id='word_1_192' title='bbox 1181 1357 1266 1389; x_wconf 90' lang='lat' dir='ltr'>Deus</span> <span class='ocrx_word' id='word_1_193' title='bbox 1291 1356 1377 1399; x_wconf 68' lang='lat' dir='ltr'>fecit,</span> 
     </span>
     <span class='ocr_line' id='line_1_81' title="bbox 1003 1403 1331 1442; baseline 0.009 -9"><span class='ocrx_word' id='word_1_194' title='bbox 1003 1403 1066 1442; x_wconf 87' lang='lat' dir='ltr'>Spe</span> <span class='ocrx_word' id='word_1_195' title='bbox 1090 1406 1122 1434; x_wconf 92' lang='lat' dir='ltr'>te</span> <span class='ocrx_word' id='word_1_196' title='bbox 1146 1403 1331 1436; x_wconf 86' lang='lat' dir='ltr'>fidelissima</span> 
     </span>
     <span class='ocr_line' id='line_1_82' title="bbox 1044 1449 1371 1493; baseline 0.003 -12"><span class='ocrx_word' id='word_1_197' title='bbox 1044 1449 1124 1481; x_wconf 90' lang='lat' dir='ltr'>fides</span> <span class='ocrx_word' id='word_1_198' title='bbox 1148 1454 1256 1482; x_wconf 84' lang='lat' dir='ltr'>nostra</span> <span class='ocrx_word' id='word_1_199' title='bbox 1280 1452 1371 1493; x_wconf 86' lang='lat' dir='ltr'>petit,</span> 
     </span>
     <span class='ocr_line' id='line_1_83' title="bbox 1002 1496 1348 1537; baseline 0 -8"><span class='ocrx_word' id='word_1_200' title='bbox 1002 1496 1044 1529; x_wconf 89' lang='lat' dir='ltr'>Ut</span> <span class='ocrx_word' id='word_1_201' title='bbox 1067 1506 1145 1528; x_wconf 70' lang='lat' dir='ltr'>vera</span> <span class='ocrx_word' id='word_1_202' title='bbox 1167 1507 1225 1536; x_wconf 87' lang='lat' dir='ltr'>per</span> <span class='ocrx_word' id='word_1_203' title='bbox 1249 1507 1348 1537; x_wconf 82' lang='lat' dir='ltr'>opera</span> 
     </span>
     <span class='ocr_line' id='line_1_84' title="bbox 1047 1544 1409 1585; baseline 0.008 -10"><span class='ocrx_word' id='word_1_204' title='bbox 1047 1544 1162 1584; x_wconf 88' lang='lat' dir='ltr'>pariat,</span> <span class='ocrx_word' id='word_1_205' title='bbox 1189 1545 1271 1585; x_wconf 90' lang='lat' dir='ltr'>quod</span> <span class='ocrx_word' id='word_1_206' title='bbox 1297 1546 1409 1579; x_wconf 89' lang='lat' dir='ltr'>credit.</span> 
     </span>
    </p>
   </div>
   <div class='ocr_carea' id='block_1_24' title="bbox 1000 1619 1395 1984">
    <p class='ocr_par' dir='ltr' id='par_1_30' title="bbox 1003 1619 1371 1709">
     <span class='ocr_line' id='line_1_85' title="bbox 1003 1619 1325 1660; baseline 0.003 -9"><span class='ocrx_word' id='word_1_207' title='bbox 1003 1619 1075 1660; x_wconf 90' lang='lat' dir='ltr'>Oro,</span> <span class='ocrx_word' id='word_1_208' title='bbox 1104 1620 1325 1652; x_wconf 87' lang='lat' dir='ltr'>decentissima</span> 
     </span>
     <span class='ocr_line' id='line_1_86' title="bbox 1047 1667 1371 1709; baseline 0.009 -13"><span class='ocrx_word' id='word_1_209' title='bbox 1047 1675 1167 1698; x_wconf 91' lang='lat' dir='ltr'>morum</span> <span class='ocrx_word' id='word_1_210' title='bbox 1194 1667 1371 1709; x_wconf 82' lang='lat' dir='ltr'>disciplina,</span> 
     </span>
    </p>

    <p class='ocr_par' dir='ltr' id='par_1_31' title="bbox 1000 1713 1384 1804">
     <span class='ocr_line' id='line_1_87' title="bbox 1000 1713 1384 1752; baseline 0.01 -9"><span class='ocrx_word' id='word_1_211' title='bbox 1000 1713 1087 1752; x_wconf 77' lang='lat' dir='ltr'>Quae</span> <span class='ocrx_word' id='word_1_212' title='bbox 1111 1723 1146 1746; x_wconf 88' lang='lat' dir='ltr'>es</span> <span class='ocrx_word' id='word_1_213' title='bbox 1169 1715 1384 1747; x_wconf 79' lang='lat' dir='ltr'>sacratissima</span> 
     </span>
     <span class='ocr_line' id='line_1_88' title="bbox 1048 1760 1306 1804; baseline 0.008 -13"><span class='ocrx_word' id='word_1_214' title='bbox 1048 1760 1195 1793; x_wconf 89' lang='lat' dir='ltr'>vitiorum</span> <span class='ocrx_word' id='word_1_215' title='bbox 1220 1762 1306 1804; x_wconf 77' lang='lat' dir='ltr'>lima,</span> 
     </span>
    </p>

    <p class='ocr_par' dir='ltr' id='par_1_32' title="bbox 1002 1807 1395 1897">
     <span class='ocr_line' id='line_1_89' title="bbox 1002 1807 1391 1849; baseline 0.01 -11"><span class='ocrx_word' id='word_1_216' title='bbox 1002 1807 1051 1839; x_wconf 87' lang='lat' dir='ltr'>Ne</span> <span class='ocrx_word' id='word_1_217' title='bbox 1075 1812 1255 1849; x_wconf 84' lang='lat' dir='ltr'>corrumpat</span> <span class='ocrx_word' id='word_1_218' title='bbox 1280 1809 1391 1842; x_wconf 87' lang='lat' dir='ltr'>intima</span> 
     </span>
     <span class='ocr_line' id='line_1_90' title="bbox 1047 1858 1395 1897; baseline 0.011 -12"><span class='ocrx_word' id='word_1_219' title='bbox 1047 1858 1156 1887; x_wconf 88' lang='lat' dir='ltr'>nostra</span> <span class='ocrx_word' id='word_1_220' title='bbox 1180 1861 1271 1889; x_wconf 89' lang='lat' dir='ltr'>vetus</span> <span class='ocrx_word' id='word_1_221' title='bbox 1296 1866 1395 1897; x_wconf 86' lang='lat' dir='ltr'>zyma,</span> 
     </span>
    </p>

    <p class='ocr_par' dir='ltr' id='par_1_33' title="bbox 1001 1901 1315 1984">
     <span class='ocr_line' id='line_1_91' title="bbox 1001 1901 1315 1935; baseline 0.003 -1"><span class='ocrx_word' id='word_1_222' title='bbox 1001 1901 1051 1934; x_wconf 85' lang='lat' dir='ltr'>Ne</span> <span class='ocrx_word' id='word_1_223' title='bbox 1074 1901 1130 1933; x_wconf 80' lang='lat' dir='ltr'>fiat</span> <span class='ocrx_word' id='word_1_224' title='bbox 1153 1904 1185 1935; x_wconf 89' lang='lat' dir='ltr'>in</span> <span class='ocrx_word' id='word_1_225' title='bbox 1211 1903 1315 1935; x_wconf 85' lang='lat' dir='ltr'>anima</span> 
     </span>
     <span class='ocr_line' id='line_1_92' title="bbox 1050 1947 1290 1984; baseline 0.017 -5"><span class='ocrx_word' id='word_1_226' title='bbox 1050 1947 1164 1981; x_wconf 83' lang='lat' dir='ltr'>flebilis</span> <span class='ocrx_word' id='word_1_227' title='bbox 1189 1951 1290 1984; x_wconf 88' lang='lat' dir='ltr'>ruina.</span> 
     </span>
    </p>
   </div>
   <div class='ocr_carea' id='block_1_25' title="bbox 1000 2025 1365 2384">
    <p class='ocr_par' dir='ltr' id='par_1_34' title="bbox 1001 2025 1358 2158">
     <span class='ocr_line' id='line_1_93' title="bbox 1001 2025 1358 2056; baseline 0 -1"><span class='ocrx_word' id='word_1_228' title='bbox 1001 2025 1085 2056; x_wconf 88' lang='lat' dir='ltr'>Ruat</span> <span class='ocrx_word' id='word_1_229' title='bbox 1109 2025 1142 2056; x_wconf 87' lang='lat' dir='ltr'>in</span> <span class='ocrx_word' id='word_1_230' title='bbox 1166 2034 1223 2056; x_wconf 88' lang='lat' dir='ltr'>nos</span> <span class='ocrx_word' id='word_1_231' title='bbox 1248 2025 1358 2056; x_wconf 85' lang='lat' dir='ltr'>vitium</span> 
     </span>
     <span class='ocr_line' id='line_1_94' title="bbox 1048 2072 1309 2110; baseline 0 -8"><span class='ocrx_word' id='word_1_232' title='bbox 1048 2075 1102 2102; x_wconf 85' lang='lat' dir='ltr'>tua</span> <span class='ocrx_word' id='word_1_233' title='bbox 1126 2080 1222 2110; x_wconf 86' lang='lat' dir='ltr'>prece</span> <span class='ocrx_word' id='word_1_234' title='bbox 1245 2072 1309 2110; x_wconf 87' lang='lat' dir='ltr'>pia,</span> 
     </span>
     <span class='ocr_line' id='line_1_95' title="bbox 1001 2117 1354 2158; baseline -0.003 -8"><span class='ocrx_word' id='word_1_235' title='bbox 1001 2119 1229 2158; x_wconf 84' lang='lat' dir='ltr'>Exstinguatur</span> <span class='ocrx_word' id='word_1_236' title='bbox 1252 2117 1354 2149; x_wconf 84' lang='lat' dir='ltr'>litium</span> 
     </span>
    </p>

    <p class='ocr_par' dir='ltr' id='par_1_35' title="bbox 1000 2163 1365 2250">
     <span class='ocr_line' id='line_1_96' title="bbox 1048 2163 1365 2206; baseline 0 -11"><span class='ocrx_word' id='word_1_237' title='bbox 1048 2163 1172 2196; x_wconf 84' lang='lat' dir='ltr'>flamma</span> <span class='ocrx_word' id='word_1_238' title='bbox 1196 2164 1365 2206; x_wconf 83' lang='lat' dir='ltr'>incentiva,</span> 
     </span>
     <span class='ocr_line' id='line_1_97' title="bbox 1000 2211 1351 2250; baseline 0 -7"><span class='ocrx_word' id='word_1_239' title='bbox 1000 2211 1172 2243; x_wconf 87' lang='lat' dir='ltr'>Dulcesoat</span> <span class='ocrx_word' id='word_1_240' title='bbox 1196 2211 1351 2250; x_wconf 87' lang='lat' dir='ltr'>eloquium</span> 
     </span>
    </p>

    <p class='ocr_par' dir='ltr' id='par_1_36' title="bbox 1001 2257 1357 2337">
     <span class='ocr_line' id='line_1_98' title="bbox 1047 2257 1320 2297; baseline -0.004 -8"><span class='ocrx_word' id='word_1_241' title='bbox 1047 2261 1081 2289; x_wconf 87' lang='lat' dir='ltr'>ut</span> <span class='ocrx_word' id='word_1_242' title='bbox 1105 2258 1167 2289; x_wconf 84' lang='lat' dir='ltr'>met</span> <span class='ocrx_word' id='word_1_243' title='bbox 1191 2258 1239 2289; x_wconf 83' lang='lat' dir='ltr'>ori</span> <span class='ocrx_word' id='word_1_244' title='bbox 1262 2257 1320 2297; x_wconf 87' lang='lat' dir='ltr'>ita,</span> 
     </span>
     <span class='ocr_line' id='line_1_99' title="bbox 1001 2304 1357 2337; baseline 0.003 -1"><span class='ocrx_word' id='word_1_245' title='bbox 1001 2304 1108 2337; x_wconf 89' lang='lat' dir='ltr'>Omnis</span> <span class='ocrx_word' id='word_1_246' title='bbox 1136 2307 1171 2335; x_wconf 90' lang='lat' dir='ltr'>ut</span> <span class='ocrx_word' id='word_1_247' title='bbox 1194 2305 1227 2336; x_wconf 90' lang='lat' dir='ltr'>in</span> <span class='ocrx_word' id='word_1_248' title='bbox 1252 2304 1357 2337; x_wconf 88' lang='lat' dir='ltr'>odium</span> 
     </span>
    </p>

    <p class='ocr_par' dir='ltr' id='par_1_37' title="bbox 1047 2350 1289 2384">
     <span class='ocr_line' id='line_1_100' title="bbox 1047 2350 1289 2384; baseline 0.004 -2"><span class='ocrx_word' id='word_1_249' title='bbox 1047 2350 1103 2382; x_wconf 87' lang='lat' dir='ltr'>fiat</span> <span class='ocrx_word' id='word_1_250' title='bbox 1126 2352 1209 2384; x_wconf 88' lang='lat' dir='ltr'>mala</span> <span class='ocrx_word' id='word_1_251' title='bbox 1228 2351 1289 2383; x_wconf 88' lang='lat' dir='ltr'>via.</span> 
     </span>
    </p>
   </div>
  </div>
 </body>
</html>
