1650 2612
189 207 245 239 25.
271 207 354 246 Ave,
379 208 535 247 unigeniti

319 256 421 287 mater
444 255 506 288 Dei
531 254 626 298 facta,

273 300 379 333 Sentis
403 304 528 343 pondus
552 305 634 335 uteri

320 357 451 381 manens
477 353 508 382 et
531 351 661 392 intacta,

274 395 357 428 Nam
381 405 449 428 cum
476 397 569 437 culpa
593 399 693 430 veteri

320 443 409 475 nulla
433 445 545 485 pangis
569 448 673 486 pacta,

275 490 362 529 Quae
383 490 486 523 invisa
512 493 628 524 Veneri

322 538 425 570 nescis
451 539 552 571 virum
578 542 673 572 casta.

195 615 250 647 26.
278 614 358 654 Ave,
384 614 577 647 venerabilis

322 665 352 693 et
377 661 446 693 laus
471 662 644 701 beatorum,

277 708 363 747 Quae
388 717 421 739 es
446 708 613 741 ineffabilis

325 755 458 788 dulcedo
486 765 601 799 eorum,

276 803 356 835 Esto
384 803 594 843 deprecabilis

323 859 419 890 super
443 855 541 890 actus,
570 860 699 890 quorum

279 898 356 929 Vita
381 901 429 930 est
454 898 632 938 culpabilis,

327 943 469 976 defectus
495 946 658 977 bonorum.

196 1021 251 1052 27.
278 1020 358 1062 Ave,
385 1029 465 1059 quae
490 1021 669 1052 venantium

325 1068 453 1107 laqueos
474 1077 535 1099 non
560 1068 664 1108 times,

278 1113 326 1145 Tu
350 1113 568 1145 insidiantium

323 1161 484 1193 machinas
510 1161 619 1202 clides,

277 1208 356 1247 Quia
380 1207 580 1239 militantium

323 1253 543 1295 imperfectum
570 1256 669 1294 vides,

275 1301 384 1342 Sitque
407 1305 440 1333 te
464 1303 635 1334 amantium

798 114 866 149 207

870 430 924 463 31.

872 836 926 868 32.

872 1241 927 1273 33.

323 1357 405 1389 quae
426 1352 458 1380 et
481 1353 600 1390 quanta
621 1349 713 1383 fides,

195 1427 250 1459 28.
277 1425 359 1465 Ave,
387 1426 436 1456 cui
460 1426 600 1465 psallere

324 1472 494 1512 plurimum
522 1473 670 1513 delectat,

276 1519 388 1552 Nescis
413 1520 495 1551 enim
520 1518 633 1552 fallere

321 1567 415 1606 hunc,
443 1568 495 1606 qui
520 1569 551 1597 te
577 1567 713 1607 affectat,

274 1614 334 1653 Qui
359 1622 516 1653 supernae
540 1615 647 1646 curiae

323 1669 454 1692 munera
479 1665 652 1701 exspectat,

277 1709 372 1741 Cuius
398 1709 445 1740 vis
470 1709 603 1740 iniuriae

323 1756 479 1787 neminem
500 1757 657 1788 molest-at.

192 1835 247 1866 29.
271 1832 353 1871 Ave,
378 1830 576 1864 fortitudinis

873 1648 927 1679 34.

320 1881 449 1912 nostrae
473 1879 715 1921 firmamentum,

275 1927 323 1959 Tu
349 1927 554 1959 beatitudinis

326 1975 419 2007 dulce
444 1974 676 2007 condimentum

275 2022 320 2054 Et
344 2021 597 2063 incorruptibilis

323 2070 418 2102 vestis
443 2071 671 2111 indumentum,

275 2116 400 2151 Praebe
426 2118 625 2150 certitudinis

323 2165 393 2206 spei
417 2166 683 2206 supplementum.

190 2245 244 2277 30.
271 2242 354 2284 Ave,
380 2251 460 2283 quae
484 2252 547 2275 non
573 2241 686 2274 tribuis

322 2290 458 2331 gratiam
484 2290 576 2323 elatis

272 2337 317 2369 Et
341 2348 374 2371 es
395 2337 590 2371 invincibilis

322 2385 418 2420 corde
442 2386 613 2426 inclinatis,

872 2054 926 2085 35.

950 212 1040 253 Nam,
1067 220 1156 252 quem
1183 209 1337 242 erudieris

997 259 1038 292 ad
1062 257 1246 290 humilitatis

947 307 1096 339 Formam
1121 308 1153 337 et
1177 304 1331 345 docueris,

997 354 1058 385 erit
1082 362 1152 385 cum
1175 351 1286 385 beatis.

951 431 1030 470 Ave,
1055 437 1112 468 per
1138 437 1229 469 quam
1253 427 1360 460 visitat

996 478 1118 516 lapsum
1144 477 1177 507 in
1200 474 1339 514 peccatis

952 524 1104 563 Christus,
1129 526 1165 554 ut
1188 522 1301 561 eripiat

998 570 1145 602 mundum
1171 578 1189 600 a
1216 568 1381 608 damnatis,

953 617 997 649 Ut
1020 618 1130 649 horum
1155 615 1277 648 reficiat

998 664 1121 696 ruinam
1145 664 1264 695 renatis

951 712 1069 751 Eisque
1089 711 1259 742 substituat

1001 758 1108 790 delens
1134 758 1242 796 culpas
1267 757 1377 798 gratis.

952 834 1031 873 Ave,
1057 842 1115 872 per
1140 841 1231 873 quem
1256 831 1361 872 patria

998 880 1080 920 pulsi
1105 882 1293 911 revocantur

951 927 995 959 Et
1017 928 1049 959 in
1076 927 1153 958 caeli
1179 926 1260 957 atria

999 974 1075 1005 laeti
1100 974 1305 1014 collocantur,

952 1021 1078 1062 Obtine,
1103 1024 1138 1052 ut
1165 1023 1285 1052 tartara

999 1076 1094 1100 saeva
1118 1068 1335 1106 obscurantur,

953 1114 1104 1148 Omnibus
1130 1119 1160 1146 et
1185 1123 1303 1153 supera

999 1171 1096 1201 regna
1119 1161 1331 1194 conferantur.

953 1239 1032 1282 Ave,
1059 1238 1129 1269 vitii
1153 1237 1224 1270 finis

1000 1288 1032 1317 et
1056 1285 1142 1325 origo
1167 1284 1251 1322 boni,

952 1332 1063 1364 Turris
1088 1331 1284 1363 fortitudinis

1001 1383 1033 1411 et
1056 1378 1193 1411 formido
1219 1378 1293 1418 doli,

953 1427 1090 1469 Spiritus
1113 1424 1230 1458 vivifici

1000 1476 1041 1507 da
1064 1483 1153 1513 spem
1177 1472 1300 1505 firmam
1326 1471 1411 1511 doni,

951 1523 1018 1561 Qua
1043 1521 1101 1552 sim
1126 1529 1225 1561 capax
1250 1519 1357 1560 gaudii

999 1570 1031 1600 in
1056 1576 1202 1609 supremo
1228 1568 1303 1607 poli.

953 1646 1033 1686 Ave,
1059 1653 1121 1684 qua
1144 1643 1315 1675 subicimus

1001 1700 1074 1723 vero
1101 1691 1242 1729 salutari,

955 1739 1008 1771 Ad
1032 1741 1064 1770 te
1089 1748 1170 1770 nunc
1195 1737 1407 1771 convertimur

1000 1794 1095 1826 prece
1119 1786 1260 1827 speciali,

952 1834 1018 1872 Quo
1043 1832 1169 1866 fervore
1194 1834 1318 1872 repleas

1000 1881 1098 1913 corda
1121 1883 1231 1912 nostra
1255 1881 1321 1921 tali,

952 1928 998 1961 Ut
1022 1928 1171 1961 ardenter
1196 1928 1334 1960 colamus

997 1978 1030 2008 te
1052 1976 1147 2007 laude
1171 1976 1318 2015 spiritali.

953 2053 1032 2091 Ave,
1059 2061 1139 2092 quae
1164 2051 1377 2093 languentium

999 2100 1119 2132 animas
1144 2099 1267 2140 solaris,

952 2147 1016 2180 Sed
1041 2152 1073 2179 te
1097 2147 1270 2179 sitientium

999 2197 1131 2228 matrem
1156 2195 1315 2237 salutaris,

954 2244 1015 2275 Per
1040 2252 1132 2283 quam
1158 2243 1244 2275 calor
1267 2241 1416 2274 mentium

1000 2290 1038 2323 fit
1060 2294 1097 2322 ut
1117 2291 1174 2324 lux
1200 2291 1323 2331 solaris,

954 2338 1028 2370 Tibi
1053 2338 1268 2370 confitentium

1000 2396 1041 2419 ne
1065 2386 1273 2419 obliviscaris.
