1650 2612
674 123 929 158 —235—

147 210 179 238 C.
210 226 247 230 —
272 209 318 247 48,
339 210 357 240 8
380 216 510 242 membra
528 225 596 244 vero
619 217 649 245 C.
675 231 712 235 -
737 215 783 251 49,
805 216 822 245 5
842 226 884 254 sq.
905 219 1107 246 verschrieben
1127 219 1186 246 und
1205 220 1329 255 korrupt
1346 220 1382 247 D.
1408 234 1444 238 —

147 246 194 282 50,
219 248 232 276 1
253 251 304 277 via
323 252 402 278 vitae
423 251 454 279 C.
473 268 511 272 —
530 252 575 289 50,
596 254 612 283 6
631 254 785 291 proficiant
804 256 835 284 C.

221 303 273 335 ΙΙΙ.
314 304 340 340 2,
361 305 379 335 8
400 310 443 336 sie
462 318 515 337 nos
536 312 690 339 miseratus
711 312 751 347 D;
772 312 820 340 die
839 320 930 347 ganze
951 313 1075 350 Strophe
1094 314 1187 341 lautet
1205 315 1237 341 in
1258 313 1294 340 0:

406 363 433 392 2.
454 365 563 400 Gaude,
584 369 668 403 virgo
688 369 778 403 regia,
799 369 835 396 de
855 376 913 403 qua
931 371 1104 404 procreatur,

454 402 542 432 Cuius
562 413 645 433 sacro
665 408 807 442 sanguine
824 408 940 433 saueius
960 409 1079 435 sanatur

451 443 547 477 Atque
567 445 644 470 sieut
663 444 764 479 aquila
782 447 860 472 totus
880 447 1036 472 renovatur

448 479 489 506 Et
507 480 713 515 iniquitatibus
732 482 775 508 sie
794 483 977 517 propitiatur.

144 529 172 565 3,
192 531 210 560 5
236 534 381 561 Generale
404 543 547 571 generans
572 536 607 572 03
635 538 770 574 generale
793 539 921 566 hominis
939 539 976 566 E.
1003 552 1041 558 —-
1065 537 1091 573 4,
1112 537 1131 566 4
1150 540 1320 567 adornatum
1338 540 1374 566 Ε.
1407 555 1444 558 -

146 571 202 597 Str.
223 570 243 598 4
261 571 321 598 und
341 571 358 599 5
379 573 480 601 lauten
499 575 531 600 in
552 574 586 601 0:

398 628 426 657 4.
449 629 557 666 Gaude,
578 633 690 660 nubens
710 630 740 667 (Β)
760 633 905 669 dissipans
925 634 1022 668 ignem
1042 634 1187 669 vitiorum,

448 669 515 695 Lux
534 669 575 696 sis
596 672 625 697 et
643 671 785 705 protectio
807 679 965 706 pauperum
984 674 1109 704 tuorum,

450 725 696 736 ......
739 708 825 744 abige
844 708 1052 736 desideriorum

449 743 491 770 Et
510 744 665 772 elementer
684 744 769 773 refice
787 755 841 774 nos
863 754 938 781 pane
958 747 1111 774 caelorum.

403 788 427 817 5.
450 790 558 824 Gaude,
581 793 675 819 saneti
695 794 813 826 spiritus
832 793 972 828 templum
992 793 1147 829 singulare,

451 829 506 855 Per
526 837 613 865 quam
632 830 771 857 mundum
790 831 894 858 visitat
913 831 969 858 Dei
988 832 1124 863 salutare,

447 867 542 895 Tuum
564 868 648 895 nobis
668 867 760 895 filium
780 869 868 905 digne
887 868 925 895 da
944 870 1063 896 laudare

447 904 488 932 Et
506 908 575 940 post
591 905 648 933 hoe
666 906 787 933 exilium
806 907 885 933 hune
905 906 1076 934 hereditare.

145 959 171 993 7,
192 958 210 986 2
237 961 300 988 veri
325 962 446 989 orientis
477 961 508 988 O.
543 977 579 981 —
612 962 637 996 7,
659 961 676 988 7
704 965 733 989 et
757 964 929 990 resurreetio
951 963 984 997 A,
1003 967 1032 991 et
1051 966 1224 992 restauratio
1243 964 1278 991 Ε.
1306 979 1344 983 —
1371 962 1398 1000 8,
1418 963 1437 991 4

145 1001 237 1025 morte
257 998 318 1025 AE.
339 1014 377 1019 —
396 997 423 1032 8,
445 998 462 1027 6
483 999 595 1035 deperit
614 1001 644 1028 C.
666 1015 701 1019 —
723 1000 779 1028 Str.
800 999 817 1027 9
837 1001 931 1028 lautet
949 1003 980 1043 in
1001 1002 1036 1029 C:

401 1054 427 1083 9.
449 1056 558 1089 Gaude,
580 1058 673 1093 virgo,
694 1058 860 1092 germinans
881 1057 945 1083 sine
965 1064 1050 1083 succo
1071 1056 1178 1089 florem,

450 1094 522 1122 Cum
541 1096 625 1129 patre
644 1094 830 1129 principium,
850 1096 1016 1120 sanctorum
1035 1093 1227 1128 splendorem,

408 1159 411 1162 ,
449 1132 507 1165 Qui
527 1134 684 1159 torrentem
703 1133 735 1158 in
756 1133 806 1159 via
826 1132 903 1159 bibit
922 1133 950 1158 et
969 1131 1107 1164 dolorem,

447 1169 507 1197 Hie
526 1178 578 1204 per
597 1172 626 1197 te
645 1178 699 1197 nos
720 1171 814 1204 erigat
832 1171 863 1197 in
883 1177 967 1196 suum
988 1177 1123 1196 amorem.

147 1224 189 1259 11,
212 1224 226 1252 1
253 1225 327 1253 caeli
354 1226 445 1253 ianua
470 1225 509 1259 O,
537 1227 621 1262 regni
646 1227 736 1253 ianua
761 1226 825 1253 DE.
854 1240 890 1244 -
916 1224 960 1259 14,
985 1225 1002 1253 7
1029 1233 1072 1261 sq.
1097 1226 1193 1253 fehlen
1212 1227 1254 1261 D;
1283 1227 1330 1255 die
1351 1237 1443 1264 ganze

144 1262 269 1300 Strophe
288 1263 382 1291 lautet
401 1265 432 1290 in
454 1262 489 1292 C:

385 1319 428 1348 14.
450 1320 558 1354 Gaude,
579 1321 797 1357 supereminens
818 1319 988 1354 angelorum
1007 1320 1128 1354 thronis,

449 1359 495 1386 De
515 1366 573 1394 qua
592 1359 677 1386 nobis
697 1358 808 1393 prodiit
826 1358 890 1385 fons
911 1357 1085 1390 dilectionis,

448 1396 498 1424 Sic
518 1399 555 1429 te,
575 1398 676 1430 mater,
698 1399 816 1423 moveat
833 1403 891 1422 vox
911 1397 1061 1430 orationiS,

447 1434 489 1463 Ut
508 1433 627 1461 heredes
647 1434 737 1462 faeiat
755 1435 836 1461 vitae
856 1432 992 1469 regionis.

149 1489 192 1526 15,
215 1490 231 1518 6
252 1491 394 1526 fidemque
414 1491 521 1518 secutis
542 1488 572 1518 C.
600 1506 639 1511 —
665 1488 709 1525 16,
732 1488 748 1516 6
768 1487 896 1517 formans
916 1489 951 1517 Ε.
971 1504 1009 1508 —
1033 1487 1075 1523 16,
1096 1489 1112 1516 7
1135 1491 1226 1518 facias
1246 1490 1281 1517 E.
1303 1505 1340 1509 —
1362 1491 1405 1525 17,
1426 1489 1444 1519 8

147 1529 306 1565 singularis
326 1529 388 1556 AE.
409 1543 446 1547 ——
469 1525 512 1562 18,
536 1527 550 1555 1
574 1529 785 1565 benignissima
805 1527 835 1555 O.
915 1527 972 1555 Str.
995 1526 1029 1555 19
1049 1527 1108 1554 und
1129 1526 1165 1555 20
1185 1529 1285 1556 lauten
1305 1530 1335 1556 in
1357 1530 1395 1557 C:

385 1584 429 1613 19.
450 1585 558 1618 Gaude,
583 1588 675 1613 mater
695 1585 798 1612 inclita
817 1585 880 1613 veri
899 1584 1074 1618 Salomonis,

447 1624 573 1652 Nostrae
593 1624 756 1651 sublevatio
776 1622 985 1657 tribulationis,

448 1662 475 1689 A
494 1661 628 1689 convalle
645 1661 742 1688 libera
759 1669 814 1688 nos
832 1660 1008 1697 plorationis

449 1700 602 1727 Gementes
622 1699 672 1726 hio
690 1699 804 1726 accolas
825 1706 888 1726 esse
910 1699 1079 1733 Babylonis.

383 1745 427 1775 20.
450 1746 558 1780 Gaude,
579 1755 630 1782 per
650 1754 737 1783 quam
762 1746 901 1783 gradibus
920 1748 1026 1774 mentis
1047 1746 1202 1782 elevamur,

449 1786 526 1813 Dum
547 1793 566 1812 a
584 1788 682 1812 monte
703 1786 845 1812 montium
868 1792 951 1820 opem
971 1784 1191 1821 praestolamur,

447 1823 484 1850 In
503 1823 633 1850 adversis
654 1822 784 1856 subleva,
804 1831 843 1849 ne
861 1830 914 1849 nos
935 1824 1140 1858 opprimamur,

449 1860 605 1888 Moderans
626 1862 658 1888 in
677 1862 832 1896 prosperis,
853 1862 887 1887 ut
905 1869 964 1887 non
984 1860 1164 1888 extollamur.

145 1921 190 1957 22,
212 1919 229 1950 3
258 1919 381 1956 Quando
411 1927 527 1946 carnem
548 1919 691 1946 Dominus
713 1918 743 1946 C.
770 1933 809 1937 —
835 1916 879 1952 22,
900 1917 919 1945 4
938 1918 993 1946 tibi
1014 1919 1164 1954 copulavit
1183 1920 1214 1948 O.
1240 1935 1278 1939 —
1303 1918 1348 1954 22,
1370 1920 1387 1948 7
1408 1917 1444 1947 In

144 1970 225 2007 spem
247 1960 293 2017 (ἰ
303 1972 353 2024 ἶ4
369 1955 460 2024 ²}AE
476 1956 782 2022 {igisfiisssisssslffss
795 1954 949 2022 0:233,
969 1956 1141 2023 {assffiansss
1159 1957 1198 2016 Ξ
1214 1972 1254 2023 ἷτ
1272 1955 1356 2024 253ἐὸ
1376 1967 1445 2025 ῗὲῗᾱ

144 1998 235 2073 5311th
246 2016 416 2071 umgestellt
434 2034 466 2062 Ο.
487 2048 525 2053 —
544 2031 591 2068 28,
606 2032 621 2060 1
642 2041 694 2069 per
714 2015 800 2068 quaxn
821 2016 992 2061 daem’onum
1014 2034 1045 2061 O.
1065 2048 1105 2052 —
1123 2016 1181 2062 dtr.
1201 2016 1327 2063 30'—38
1337 2006 1447 2063 <lauteri

142 2086 175 2104 m
198 2076 235 2104 G:
383 2108 428 2138 30.
449 2109 559 2143 Gaude,
581 2111 674 2136 mater
693 2108 811 2136 humilis
831 2116 886 2136 nee
904 2118 1032 2145 unquam
1053 2109 1138 2144 elata,

450 2147 508 2176 Sed
528 2148 585 2175 iam
604 2155 691 2183 super
711 2147 830 2183 angelos
851 2155 974 2182 regnans
996 2147 1131 2183 exaltata,

448 2187 510 2214 Fac
527 2194 581 2213 nos
603 2194 666 2213 esse
685 2185 823 2226 Earvulos
843 2185 937 2218 nobis,
959 2194 974 2213 0
996 2186 1090 2220 beata,

447 2226 492 2254 Ut
510 2224 606 2251 cordis
625 2223 776 2252 humilitas
796 2224 922 2251 Domino
943 2224 983 2251 sit
1001 2226 1093 2260 grata.

384 2282 430 2311 31.
451 2282 562 2316 Gaude,
583 2290 635 2317 per
648 2288 735 2317 quam
755 2281 892 2317 gaudium
914 2281 1044 2309 redditur
1064 2283 1223 2317 aeternum,

450 2321 539 2350 Cuius
560 2320 669 2347 fructus
688 2320 764 2346 uteri
786 2319 891 2347 solium
911 2322 1062 2355 paternum

451 2359 572 2387 Obtinet
587 2360 616 2385 et
635 2359 760 2392 imperat
777 2367 827 2387 rex
847 2359 878 2385 in
898 2359 1112 2394 sempiternum,

449 2398 475 2425 A
496 2405 552 2434 quo
573 2397 659 2424 nobis
679 2396 817 2431 impetres
838 2396 971 2424 bravium
991 2405 1156 2433 supernum.
