1650 2612
212 209 270 241 39.

180 492 264 539 '40

221 805 263 836 41

220 1103 263 1135 42

221 1403 264 1434 43

220 1703 266 1733 44

217 2122 247 2154 1.

737 109 971 143 ..82-

294 207 376 246 Ave,
402 206 485 247 Iesu,
509 214 589 245 puer
612 204 709 243 mitis,

300 253 366 285 Fili
387 253 492 285 clarae
516 250 696 289 Sunamitis,

350 299 445 332 Cuius
470 299 512 331 ad
537 296 709 337 crepundia

301 347 348 379 Tc
371 346 531 377 laudando
555 347 638 385 voto,
663 351 751 374 more

301 392 504 425 Assistebant
528 400 597 422 cum
620 390 739 422 honore

348 440 541 478 Angelorum
564 436 661 469 milia.

268 531 275 538 .
301 505 381 543 Ave,
407 505 488 544 Iesu,
515 511 607 542 quem
632 501 797 542 clamabat,

301 550 404 589 Magis
429 550 530 581 tribus
554 557 645 588 quem
666 548 813 588 signabat

347 596 505 636 Splendor
529 596 601 627 novi
626 595 750 634 sideris,

302 644 355 676 Ad
380 651 554 682 praesaepe
578 645 688 674 contra
704 651 821 674 morem

302 691 380 723 Cum
404 690 539 721 adorant
562 690 751 721 salvatorem

348 737 438 768 Dono
463 736 545 768 terni
569 736 717 768 muneris.

268 829 276 837 .
301 804 381 842 Ave,
407 803 489 845 Iesu,
514 800 572 833 flos
597 801 753 840 candoris,

302 849 411 889 Longe
435 856 586 888 spargens
611 848 673 880 vim
699 848 805 880 odoris

349 895 486 928 Orientis
507 894 633 934 finibus,

301 943 395 975 Sidus
415 951 529 974 novum
553 941 730 983 ostendisti,

298 989 407 1021 Novus
430 989 523 1021 homo
549 997 618 1019 cum
641 987 746 1019 lusisti

345 1035 500 1067 Maternis
524 1035 557 1066 in
582 1034 713 1067 sinibus,

269 1127 276 1134 .
301 1103 381 1141 Ave,
407 1101 489 1142 1esu,
514 1110 576 1132 non
600 1101 763 1140 loquentes

300 1149 397 1187 Quem
420 1149 589 1187 loquuntur
611 1148 780 1180 morientes

349 1195 434 1226 Voce
459 1194 522 1226 fusi
547 1194 716 1235 sanguinis,

303 1242 328 1274 O
354 1249 445 1281 quam
470 1241 549 1273 miro
574 1243 649 1272 tunc
675 1241 793 1283 dolore,

302 1289 400 1327 Virgo
425 1290 536 1328 mater,
561 1297 621 1327 pro
645 1290 678 1319 te
701 1286 779 1320 flore

348 1335 419 1366 Vim
442 1334 580 1375 pavebat
604 1335 748 1366 hominis.

270 1426 277 1433 .
302 1401 381 1439 Ave,
407 1400 488 1439 Iesu,
514 1398 571 1432 flos
596 1400 726 1441 aest-ive,
759 1390 768 1396 “

300 1448 338 1479 In
363 1449 524 1479 aeternum
548 1447 629 1486 vale,
655 1447 736 1487 vive,

348 1494 424 1526 Flos
447 1495 561 1525 decore
584 1493 724 1534 nimium,

300 1541 389 1572 Aevo
413 1541 498 1572 ludis
521 1540 648 1580 puerili,

299 1587 407 1619 Morte
433 1588 556 1619 demum
581 1587 705 1619 dandus
730 1589 785 1620 vili

347 1634 457 1666 Crucis
482 1643 540 1673 per
564 1634 780 1673 opprobrium.

268 1727 275 1734 .
300 1700 381 1742 Ave,
407 1699 481 1732 Iesu
504 1699 675 1739 adorande,

300 1747 452 1780 Veritatis
476 1746 666 1779 revelandae

343 1794 481 1834 Tempus
506 1803 575 1825 cum
601 1794 777 1836 accederet,

301 1841 427 1873 Turbae
453 1850 554 1873 comes
579 1841 743 1882 popularis

298 1890 328 1922 A
352 1887 493 1920 Iohanne
515 1888 699 1930 baptizaris,

344 1935 422 1967 Cum
447 1935 587 1974 baptista
611 1937 770 1969 tremeret.

894 204 948 235 45.

893 503 947 534 46.

890 803 945 835 47.

891 1103 947 1134 48.

891 1402 946 1433 49.

892 1702 946 1735 50.

973 203 1053 242 Ave,
1078 202 1160 244 Iesu,
1188 202 1299 233 doctor
1323 198 1401 239 veri,

971 249 1024 281 Ab
1048 253 1186 292 aeterno,
1210 255 1294 279 nunc
1318 248 1350 278 et
1373 245 1443 276 heri

1019 295 1081 327 Dei
1104 295 1272 335 sapientia,

973 342 1044 374 Lux
1067 342 1101 374 in
1125 342 1242 373 mundo
1268 338 1469 380 splenduisti,

974 388 1089 430 Verbo,
1115 389 1212 429 signis
1239 385 1391 423 claruisti,

1021 435 1113 467 Omni
1136 435 1249 474 plenus
1273 432 1385 474 gratia.

972 501 1053 542 Ave,
1079 501 1160 542 Iesu,
1188 500 1309 540 grande
1331 498 1456 540 mirum,

973 547 1062 586 Quod
1079 549 1112 579 te
1127 548 1234 584 talem,
1258 548 1379 578 tantum
1397 545 1496 577 virum

1018 594 1137 626 Iudaea
1161 593 1372 634 persequitur,

971 640 1182 681 Exoptandus
1208 640 1319 672 dulcor
1342 638 1439 681 cuius,

973 688 1071 720 Omne
1097 689 1189 720 dulce
1212 686 1323 718 mundi
1347 686 1439 718 huius

1018 735 1126 767 Vincit
1150 737 1182 766 et
1205 743 1269 766 non
1293 733 1440 766 vincitur.

971 802 1050 840 Ave,
1075 801 1158 843 Iesu,
1183 801 1239 832 lux
1265 801 1297 831 et
1322 799 1401 840 dies,

970 848 1153 879 Electorum
1176 856 1239 878 una
1263 846 1362 887 quies,

1020 894 1095 926 Sola
1119 903 1192 934 spes
1217 896 1249 925 et
1273 892 1432 934 gaudium,

972 941 1018 972 Te
1040 941 1191 973 invictum
1216 949 1307 972 amor
1330 938 1437 980 fregit,

973 988 1079 1020 Vitam
1103 988 1184 1020 mori
1209 988 1283 1019 dum
1308 986 1411 1026 coegit

1021 1034 1130 1067 Crucis
1154 1043 1214 1074 per
1234 1033 1436 1074 supplicium.

973 1102 1051 1140 Ave,
1077 1100 1150 1133 Iesu
1175 1099 1327 1140 Galilaee,

974 1147 1049 1179 Sola
1072 1155 1145 1187 spes
1170 1147 1281 1179 salutis
1306 1155 1404 1189 meae,

1020 1194 1104 1225 Dum
1127 1195 1263 1226 instaret
1285 1193 1403 1235 passio,

974 1242 1050 1274 Vita
1071 1244 1204 1273 mortem
1229 1240 1368 1279 sitivisti,

973 1288 1111 1320 Mortem
1136 1288 1219 1319 ultro
1245 1287 1396 1327 appetisti

1018 1334 1134 1366 Mortis
1158 1344 1218 1375 pro
1243 1334 1394 1366 remedio.

972 1402 1052 1442 Ave,
1077 1400 1160 1441 Iesu,
1185 1401 1291 1432 lumen
1313 1400 1434 1441 mundi,

975 1447 1095 1486 Corpus
1119 1450 1208 1479 tuum
1229 1446 1339 1487 flagris
1362 1448 1455 1480 tundi

1019 1494 1091 1527 Non
1118 1495 1260 1537 decebat,
1285 1494 1431 1536 Domine,

974 1541 1038 1573 Sed
1062 1541 1220 1582 nimirum,
1246 1551 1327 1581 agne
1350 1541 1442 1584 lenis,

971 1588 1007 1620 In
1033 1589 1118 1620 hunc
1132 1589 1283 1620 mundum
1299 1589 1393 1620 homo
1410 1589 1499 1620 venis

1018 1635 1090 1667 Pati
1114 1636 1161 1667 sic
1185 1645 1244 1675 pro
1269 1635 1404 1668 homine.

971 1702 1051 1744 Ave,
1077 1701 1161 1745 Iesu,
1187 1711 1276 1733 amor
1300 1702 1382 1740 vive,

974 1748 1095 1788 Corpus
1121 1752 1209 1782 tuum
1233 1748 1352 1781 munda
1375 1749 1457 1788 nive,

1020 1795 1112 1834 Nive,
1138 1796 1276 1837 inquam,
1306 1796 1435 1836 clariuS,

970 1842 1106 1882 Flagris,
1132 1851 1214 1885 ecce,
1239 1843 1400 1874 laceratur

972 1889 1017 1922 Et
1041 1898 1153 1922 cruore
1178 1891 1373 1929 purpuratur

1020 1936 1106 1969 Rosa
1130 1936 1346 1971 rubicundius

584 2037 775 2071 Secunda
799 2040 1112 2080 Quinquagena.

273 2123 354 2163 Ave,
378 2122 452 2154 Iesu
474 2121 642 2165 flagellate,

274 2169 373 2208 Quam
397 2169 542 2201 miranda
568 2169 699 2201 caritate

320 2217 384 2248 Pro
406 2216 567 2248 salvandis
592 2215 745 2248 fratribus

273 2264 312 2297 Vi
341 2263 490 2295 discissus
513 2261 708 2303 flagellorum

272 2311 309 2343 In
336 2313 505 2350 conspectu
529 2310 737 2350 superborum

318 2357 435 2390 Sordes
459 2360 509 2390 tot
529 2357 722 2391 vulneribus.

893 2126 925 2157 2.

950 2125 1032 2165 Ave,
1057 2124 1140 2164 Iesu,
1171 2126 1258 2157 cuius
1283 2135 1383 2166 genae

949 2171 1159 2203 Rosascentes
1186 2175 1218 2203 et
1239 2182 1399 2214 amoenae,

998 2218 1199 2251 Pulchriores
1223 2217 1365 2264 floribus,

949 2265 1004 2297 Sic
1026 2266 1202 2297 tunduntur
1226 2276 1245 2298 a
1268 2268 1427 2310 malignis,

950 2312 1050 2351 Sputo
1074 2313 1206 2344 sordent
1230 2317 1262 2345 et
1285 2314 1424 2356 indignis

993 2359 1169 2399 Alaparum
1191 2361 1318 2394 ictibus.
