1650 2612
148 210 204 243 25.

146 530 202 562 26.

143 850 200 882 2¹7.

140 1171 196 1203 28.

143 1493 198 1525 29.

140 1815 197 1848 30.

141 2147 195 2181 31.

689 120 913 157 „31-

230 210 311 250 Ave,
336 210 413 241 Iesu
436 211 591 251 speciose,

230 255 304 288 Tibi
330 256 417 288 cedit
440 258 539 289 rubor
563 267 665 301 rosae,

278 303 373 335 Cedit
398 304 517 336 candor
542 304 621 346 lilii;

232 351 389 390 Quantum
414 351 543 392 gaudes,
571 360 589 383 o
613 354 729 395 Maria,

229 395 336 429 Mater
360 395 447 440 felix,
475 399 576 432 mater
598 401 663 442 pia,

275 443 375 475 Vultu
399 445 474 477 talis
497 444 575 477 filii!

228 529 308 571 Ave,
336 528 418 570 Iesu,
446 531 533 563 clara
556 532 674 574 proles,

228 575 344 609 Vultus
369 579 441 609 tuus
466 579 554 610 mille
579 579 661 611 soles

276 622 430 656 Claritate
454 629 594 665 superat,

226 669 321 703 Felix
345 670 450 712 homo,
477 673 565 705 cuius
589 676 725 705 mentem

227 717 357 749 Vultum
381 718 473 750 illum
496 720 657 752 sitientem

274 763 382 796 Fortis
408 775 496 798 amor
520 767 674 800 vulnerat.

226 851 307 889 Ave,
332 849 416 890 Iesu,
444 852 531 883 cuius
556 861 611 884 ore

224 896 293 929 Mel
318 898 434 930 amoris
459 901 496 930 ut
521 908 538 930 e
561 897 640 931 flore

271 944 370 984 Virgo
396 946 481 977 suxit
506 946 633 988 osculis,

224 991 386 1024 Matutino
411 993 499 1024 velut
522 1001 598 1032 apes

228 1038 348 1070 Dulces
373 1042 489 1079 sugunt
511 1040 615 1072 mellis
640 1042 738 1081 dapes

275 1084 380 1117 Variis
406 1094 445 1117 ex
469 1085 619 1121 flosculis,

221 1170 302 1210 Ave,
329 1169 412 1211 Iesu,
438 1169 496 1203 flos
521 1171 646 1212 vitalis3

225 1216 348 1256 Gaude,
373 1220 476 1250 mater
500 1218 568 1251 nati
592 1220 676 1260 talis,

272 1264 367 1296 Veris
391 1267 427 1297 ut
451 1265 582 1303 rosaria,

228 1311 291 1352 Sic,
317 1320 335 1343 o
363 1312 475 1354 dulcis,
500 1313 660 1353 speciosas

227 1359 300 1392 Oris
324 1359 391 1391 risu
415 1361 540 1401 spargis
565 1370 664 1402 rosas,

273 1406 362 1438 Nutu
386 1405 495 1440 fundis
517 1407 597 1439 lilia.

225 1494 306 1532 Ave,
332 1492 415 1532 Iesu,
443 1502 461 1525 o
485 1492 543 1526 flos
566 1502 672 1534 verne,

225 1539 389 1572 Claritatis
414 1538 472 1572 flos
497 1542 657 1582 aeternae,

273 1586 350 1618 Flos
376 1586 665 1629 immarcessibilis3

227 1633 350 1673 Gaude,
377 1637 479 1666 mater
502 1634 591 1666 floris
616 1636 716 1680 huius,

226 1681 297 1713 Lux
324 1681 500 1714 divinitatis
526 1682 613 1713 cuius

271 1728 332 1760 Est
355 1728 595 1762 inaccessibilis,

223 1816 303 1856 Ave,
330 1815 416 1857 Iesu,
441 1824 512 1847 eum
536 1816 710 1859 prodisses,

224 1862 279 1895 Sol
301 1861 336 1893 in
361 1862 479 1895 mundo
504 1862 684 1907 effulsisses,

270 1908 393 1942 Umbra
416 1911 528 1942 mortis
555 1912 663 1942 vanuit

223 1958 324 1990 Tactu
348 1957 430 1989 lucis
454 1958 629 1999 speciosae,

222 2005 296 2038 Tibi
320 2002 401 2049 flori,
429 2005 488 2037 tibi
512 2014 604 2038 rosae

269 2051 369 2085 Fides
393 2053 507 2085 mundi
531 2054 647 2094 paruit.

223 2148 303 2189 Ave,
331 2148 414 2188 Iesu,
441 2157 535 2189 quam
562 2148 679 2181 decora

221 2195 284 2228 Illa
308 2194 355 2228 tui
379 2198 491 2235 partus
516 2197 604 2239 hora,

271 2242 349 2275 Cum
374 2245 407 2274 te
431 2243 520 2284 virgo
545 2244 654 2284 genuit

222 2290 361 2323 Nostrae
386 2291 490 2324 carnis
517 2301 555 2324 ex
580 2293 712 2324 natura!

221 2337 306 2370 Vere
329 2340 415 2380 tune,
441 2348 504 2371 non
527 2340 561 2371 in
586 2338 698 2380 figura,

270 2385 369 2426 Virga
392 2386 479 2419 Iesse
503 2386 619 2420 floruit.

182 2444 203 2467 D
210 2450 239 2467 re
245 2450 279 2468 ve
286 2449 298 2465 Β
305 2461 311 2471 ,
328 2444 449 2469 Psalteria
465 2445 618 2475 Rhythmica.
650 2446 672 2469 1.

832 217 886 249 32.

831 535 885 566 33.

827 855 881 886 34.

822 1174 880 1206 35-

825 1495 880 1527 36.

824 1816 879 1848 37.

824 2148 878 2181 38.

915 216 994 259 Ave,
1019 215 1103 255 Iesu,
1128 213 1185 244 lux
1209 215 1365 253 mentaliS,

917 263 1016 302 Quam
1038 268 1126 293 mens
1151 261 1246 299 plena
1273 261 1434 302 virginalis

962 310 1081 341 Lucem
1105 308 1223 339 mundo
1251 308 1387 348 peperit,

914 356 997 389 Solis
1025 354 1162 388 dandam
1190 355 1316 386 mundis
1335 356 1440 395 corde,

913 402 1091 443 Inquinatis
1117 401 1204 432 nulla
1229 402 1334 441 sorde,

960 450 1063 488 Felix,
1092 448 1146 487 qui
1170 450 1340 487 acceperit.

913 535 993 574 Ave,
1018 534 1103 575 Iesu,
1130 541 1218 565 amor
1240 542 1337 574 meus,

914 581 1013 613 Verus
1038 581 1142 620 homo,
1169 588 1261 612 verus
1285 580 1383 619 Deus,

958 628 1044 668 Vita,
1069 627 1185 669 lumen,
1213 627 1340 667 veritas,

912 674 1068 715 Virginali
1093 675 1180 706 casta
1209 674 1300 706 domo

910 721 1096 753 Nascereris
1122 721 1211 753 velut
1234 721 1336 762 homo,

957 769 1043 801 Mira
1069 766 1147 800 fecit
1172 768 1299 801 caritas.

910 856 990 894 Ave,
1016 855 1100 893 Iesu,
1129 861 1241 892 expers
1267 855 1368 893 paris,

911 900 987 933 Cum
1013 901 1075 932 iam
1101 900 1207 940 magni
1232 901 1415 933 nascebaris

955 948 1097 988 Angelus
1124 946 1257 989 consilii,

908 993 1106 1027 Reclinando
1132 993 1191 1025 tibi
1216 997 1290 1026 nato

907 1041 980 1074 Non
1004 1040 1138 1081 patebat
1162 1040 1239 1072 orbe
1264 1041 1329 1073 lato

953 1088 1057 1120 Locus
1085 1087 1263 1119 diversorii.

909 1174 989 1214 Ave,
1015 1174 1098 1211 Iesu,
1124 1172 1204 1204 caeli
1228 1173 1331 1215 heres,

905 1219 1004 1252 Lecto
1030 1219 1115 1252 foeni
1143 1220 1216 1251 dum
1240 1219 1362 1252 iaceres

955 1267 1151 1307 Stipularum
1175 1266 1293 1308 medio,

908 1314 1011 1346 Deum
1036 1314 1149 1354 pannis
1174 1313 1352 1346 involutum

908 1362 1096 1393 Admiratur
1121 1369 1218 1400 pecus
1244 1360 1374 1393 brutum

955 1408 1100 1440 Flentem
1125 1408 1157 1439 in
1181 1411 1382 1448 praesaepio.

906 1495 986 1534 Ave,
1012 1494 1094 1533 Iesu,
1120 1492 1178 1525 flos
1202 1495 1235 1526 in
1262 1494 1368 1533 foeno,

906 1541 1043 1573 Deitatis
1068 1542 1138 1573 iure
1160 1542 1254 1581 pleno

954 1589 1081 1629 Regnas
1106 1597 1202 1628 super
1224 1589 1340 1630 sidera,

905 1635 1052 1668 Membra
1076 1637 1190 1676 pannis
1214 1639 1316 1668 mater
1340 1636 1427 1677 ligat,

907 1683 1044 1715 Parvum
1069 1683 1138 1715 sitis
1165 1684 1239 1715 dum
1265 1683 1388 1724 fatigat,

953 1730 1049 1762 Fletu
1072 1730 1155 1770 petis
1179 1730 1288 1763 ubera.

907 1815 986 1855 Ave,
1012 1816 1095 1854 Iesu,
1119 1824 1213 1854 quam
1229 1815 1432 1855 stupendum,

907 1861 1005 1901 Quam
1033 1862 1145 1895 devote
1166 1862 1379 1901 recolendum,

953 1909 1044 1949 Quod
1068 1912 1103 1941 tu
1126 1909 1166 1941 ab
1190 1910 1281 1942 initio

905 1957 1100 1997 Angelorum
1126 1956 1224 1997 cibus,
1249 1957 1316 1989 vita

906 2005 1010 2037 Parvo
1035 2005 1117 2037 lacte
1141 2007 1251 2044 pastus
1275 2004 1321 2037 ita

953 2052 1048 2092 Vagis
1073 2052 1106 2084 in
1131 2053 1329 2092 praesaepio.

904 2147 984 2189 Ave,
1010 2147 1091 2190 Iesu,
1119 2155 1176 2178 rex
1201 2147 1357 2189 sublimis,

905 2194 1023 2228 Factus
1048 2203 1106 2235 pro
1130 2203 1181 2226 me
1204 2203 1322 2234 parvus
1338 2194 1432 2227 nimis

952 2242 1017 2275 Sub
1042 2242 1156 2283 pannis
1177 2240 1343 2283 infantiae,

906 2291 1114 2324 Concinentes
1139 2298 1231 2330 quem
1247 2290 1428 2334 loquuntur,

904 2339 977 2372 Non
1001 2337 1143 2379 loquenti
1169 2337 1385 2377 obsequuntur

952 2387 1112 2421 Caelestes
1136 2385 1278 2417 militiae.
