1650 2612
222 422 275 454 10.

226 646 277 679 11.

223 872 276 904 12.

226 1096 282 1129 13.

226 1320 278 1352 14.

231 1545 284 1577 15.

228 1771 282 1804 16.

230 1996 283 2028 1¹7.

230 2214 283 2246 18.

714 101 967 135 *260—

269 222 276 229 .
302 197 381 234 Ave,
409 196 514 229 David
537 198 573 227 tu
595 195 672 236 filia,

302 244 353 275 Ex
378 252 438 282 qua
460 245 568 275 nostra
592 242 768 274 substantia

300 290 396 322 Sedet,
418 291 451 321 in
476 290 577 331 patris
604 289 734 321 dextera

300 337 387 369 Iesus
414 337 555 369 Christus
580 337 613 368 in
638 337 746 376 gloria.

300 422 381 460 Ave,
404 422 513 461 regina
536 419 702 463 virginum,

303 468 389 507 Quae
412 468 565 508 peperisti
588 468 696 507 filium,

303 516 362 554 Qui
387 513 488 546 factus
513 518 561 546 est
584 514 758 555 redemptio

301 562 331 593 A
354 564 446 602 patre
468 562 565 594 missa
587 562 716 602 populo.

304 648 382 688 Ave,
409 649 509 678 mater
534 655 627 679 verae
650 647 738 686 lucis,

303 694 353 725 Ex
378 702 439 733 qua
462 696 553 725 natus
576 694 609 725 in
634 693 772 726 tenebris

303 740 423 772 Lumen
446 740 541 772 rectis
568 741 661 773 corde
684 741 769 773 Deus

303 787 485 819 Misericors
511 790 556 818 est
582 791 613 819 et
633 788 743 820 iustus.

301 872 381 911 Ave,
407 875 515 911 mater,
544 872 630 904 cuius
655 876 764 911 partus

303 918 404 958 Super
427 922 536 958 gentes
560 922 610 950 est
632 920 784 959 excelsus,

305 965 488 1005 Respiciens
509 965 639 997 humilia

302 1011 345 1043 Et
368 1012 401 1043 in
427 1013 512 1044 caelo
538 1015 570 1043 et.
592 1014 625 1044 in
649 1015 743 1045 terra.

309 1098 387 1137 Ave,
410 1100 522 1136 mater,
550 1097 635 1128 cuius
659 1101 784 1136 partum

306 1142 378 1174 Non
402 1142 576 1175 laudabunt
598 1144 631 1175 in
655 1144 822 1180 infernum,

307 1189 370 1221 Sed
393 1199 449 1221 nos
473 1190 544 1229 ipsi,
571 1190 622 1230 qui
648 1191 789 1232 vivimus,

304 1235 437 1267 Domino
463 1237 686 1270 benedicimus

303 1320 382 1360 Ave,
411 1323 521 1361 mater,
549 1322 634 1352 cuius
658 1325 767 1360 partus

305 1367 373 1398 Deo
397 1368 483 1406 patri
505 1366 543 1398 fit
564 1371 710 1407 acceptus

307 1414 345 1445 111
372 1413 511 1445 vivorum
535 1416 671 1455 regione,

308 1460 386 1499 Quia
409 1461 518 1493 vivunt
543 1462 607 1493 eius
631 1466 740 1496 morte.

309 1545 388 1588 Ave,
414 1548 524 1585 mater,
551 1547 637 1577 cuius
661 1552 771 1586 partus

307 1591 446 1624 Salutari
470 1601 527 1625 nos
553 1594 651 1625 calice

311 1638 509 1677 Compotavit
534 1639 700 1673 crucifixus

308 1688 400 1725 Aqua
423 1686 514 1718 simul
540 1690 572 1718 et
594 1689 753 1728 sanguine.

307 1771 386 1814 Ave,
411 1780 470 1810 per
495 1781 586 1812 quam
613 1772 795 1806 confirmata

306 1817 367 1849 Dei
391 1819 606 1851 misericordia

307 1865 478 1896 Veritatem
501 1867 688 1907 prophetiae

306 1912 442 1951 Aperuit
466 1916 497 1944 et
521 1915 650 1952 gratiae.

307 1996 388 2037 Ave,
412 2000 523 2036 mater,
549 2006 589 2029 ex
612 2007 673 2038 qua
694 1999 780 2031 Deus

307 2043 418 2075 Illuxit
442 2045 502 2076 Dei
526 2043 620 2087 filius,

312 2090 487 2128 Conceptus
512 2094 619 2123 sancto
644 2093 758 2131 spiritu

310 2136 355 2168 Et
377 2145 543 2177 resurgens
569 2147 607 2169 ex
632 2138 728 2172 obitu.

308 2212 387 2252 Ave,
413 2215 523 2252 mater,
548 2222 606 2253 per
632 2223 723 2253 quam
748 2216 800 2247 via

311 2260 517 2292 1mmaculata
539 2261 652 2300 patuit,

310 2307 389 2346 Quia
412 2306 479 2338 Deo
501 2304 578 2338 flore
601 2316 681 2340 novo

312 2353 485 2395 Virginitas
511 2352 656 2387 effloruit.

890 199 944 230 19.

890 423 944 454 20.

890 648 944 680 21.

890 874 944 905 22.

894 1098 947 1130 23.

893 1324 946 1355 24.

894 1551 948 1581 25.

896 1776 952 1808 25.

896 2002 952 2034 27.

899 2218 954 2249 28.

969 198 1050 235 Ave,
1074 197 1174 227 mater
1197 195 1289 226 huius
1314 195 1434 235 partus,

968 243 1023 276 Ad
1047 250 1138 282 quem
1163 241 1227 273 fide
1250 240 1489 280 proclamamus,

968 289 1014 322 Ut
1037 289 1080 320 sit
1101 289 1172 327 pius
1198 288 1373 325 exauditor,

970 336 1021 367 Ne
1045 336 1149 367 valeat
1172 333 1349 366 tribulator.

969 420 1049 461 Ave,
1074 421 1184 461 mater,
1212 427 1273 458 qua
1296 418 1452 458 processit

972 467 1059 498 Iesus
1085 466 1228 499 Christus
1253 464 1448 505 Emmanuel,

974 514 1032 552 Qui
1049 523 1109 546 non
1132 512 1255 555 dormit,
1280 513 1335 544 sed
1355 512 1493 544 custodit

972 562 1075 593 Verus
1097 562 1258 599 protector
1282 559 1393 591 Israel.

970 646 1049 686 Ave,
1075 646 1176 676 mater
1200 644 1290 676 huius
1314 644 1408 683 regis,

973 693 1068 725 Cuius
1093 692 1184 723 sedes
1208 690 1378 723 iudicantis

972 739 1134 772 sedebunt
1156 739 1189 770 in
1213 738 1331 770 iudicio

970 787 1023 820 Ad
1049 784 1258 818 confitendum
1280 784 1424 817 Domino.

970 872 1049 912 Ave,
1072 872 1183 910 mater,
1211 870 1297 901 cuius
1319 872 1429 909 partus

970 920 1057 953 Deus
1079 919 1114 949 in
1139 918 1233 948 caelis
1258 917 1389 959 habitat,

973 967 1010 1000 In
1040 966 1218 996 sanctorum
1241 963 1314 995 dum
1338 964 1495 996 mentibus

970 1012 1146 1045 Dulcedine
1170 1020 1226 1043 sua
1247 1013 1368 1051 regnat.

975 1097 1051 1139 Ave,
1075 1099 1161 1128 cuius
1186 1098 1220 1127 in
1243 1094 1341 1127 filium

972 1144 1153 1177 Proclamat.
1175 1142 1255 1174 fides
1278 1146 1467 1183 martyrum:

972 1190 1044 1223 Nisi
1067 1191 1154 1222 Deus
1178 1190 1363 1229 adiuvisset,

972 1238 1158 1270 Persecutor
1184 1237 1375 1275 deglutisset.

972 1322 1052 1362 Ave,
1079 1321 1165 1353 cuius
1188 1322 1222 1353 in
1245 1320 1312 1352 filio

973 1369 1032 1407 Qui
1057 1368 1217 1401 confidunt.
1242 1376 1281 1398 ex
1304 1368 1417 1410 animo,

973 1416 1018 1448 Ut
1042 1424 1132 1448 mons
1156 1415 1231 1446 Sion
1256 1413 1336 1446 fiunt
1357 1414 1438 1456 Deo,

972 1463 1010 1495 In
1035 1472 1094 1502 quo
1119 1463 1207 1501 pacis
1236 1464 1284 1493 est
1307 1462 1395 1494 visio.

974 1548 1053 1587 Ave,
1081 1547 1167 1579 cuius
1191 1547 1225 1578 in
1249 1545 1313 1578 filio

973 1595 1065 1628 Facti
1090 1603 1195 1626 sumus
1221 1594 1374 1626 consolati

973 1641 1019 1674 Et
1041 1642 1198 1681 replemur
1223 1649 1264 1671 ex
1290 1641 1404 1681 gaudio

977 1688 1169 1729 Captivitate
1193 1688 1284 1720 erut-i.

977 1774 1057 1813 Ave,
1086 1774 1230 1806 caelestis
1257 1773 1392 1811 domina,

979 1821 1073 1853 Cuius
1098 1819 1219 1853 fructus
1244 1829 1364 1852 merces
1382 1829 1499 1861 sumus,

976 1868 1054 1901 Eius
1077 1872 1178 1900 morte
1201 1869 1342 1909 pretiosa

977 1916 1056 1955 Quia
1079 1917 1176 1948 vitam
1201 1916 1387 1955 recepimus,

978 2001 1058 2041 Ave,
1083 2003 1184 2032 mater
1206 1999 1386 2040 singularis,

979 2047 1072 2080 Cuius
1096 2050 1206 2088 partus
1230 2047 1415 2078 Emmanuel

979 2094 1171 2128 Commercio
1196 2102 1271 2126 suae
1296 2094 1398 2125 carnis

979 2141 1118 2174 Effectus
1145 2144 1191 2172 est
1215 2149 1272 2172 rex
1294 2141 1407 2174 Israel.

978 2217 1057 2258 Ave,
1085 2219 1186 2248 mater
1210 2216 1322 2247 summi
1346 2218 1441 2260 regis,

982 2263 1078 2296 Cuius
1099 2266 1146 2295 est
1169 2263 1349 2296 benedictio

980 2311 1073 2342 Vitae
1096 2319 1220 2349 semper
1243 2312 1411 2343 aeternalis

980 2358 1177 2397 sempiterna
1200 2359 1368 2397 possessio.
