1650 2612
149 223 204 255 17.

152 547 205 578 18.

150 867 203 900 19.

148 1188 203 1221 20.

150 1510 205 1542 21.

152 1833 207 1865 22.

150 2167 205 2199 23.

663 131 912 167 —147—

230 224 377 269 AveLde
402 234 462 265 qua
486 227 641 265 nascitur,

231 272 290 310 Qui
316 271 356 302 de
380 275 485 304 monte
509 274 665 306 scinditur

279 319 377 357 Lapis
402 320 470 351 sine
494 322 648 361 manibuS‚

233 366 329 404 Quem
354 367 514 405 praevidit
538 368 661 408 Daniel,

232 413 399 445 Nuntiavit
424 413 554 446 Gabriel

278 460 483 494 Nasciturum
507 462 662 501 gentibus,

231 546 312 585 Ave,
341 546 436 586 digna
460 547 570 587 titulis,

232 593 360 625 Cunctis
387 602 497 625 carens
522 594 653 626 maculis

280 640 324 672 Et
345 642 458 672 mentis
483 644 515 671 et
540 642 690 683 corporis,

232 688 277 719 Te
303 689 442 719 sacravit
464 689 587 727 puritas

232 734 275 766 Et
301 735 418 766 dicavit
442 735 542 766 deitas

280 781 331 814 Ab
357 783 441 813 intus
467 785 497 813 et
523 781 650 814 deforis.

229 867 310 905 Ave,
337 875 416 906 quae
440 876 498 907 pro
522 867 643 898 meritis

231 914 272 946 Et
299 915 451 953 exemplis
475 914 593 946 inclitis

279 961 382 995 Carbo
408 962 497 993 vivus
522 962 646 1001 diceris,

232 1009 319 1047 Quae
343 1008 509 1040 succendis
533 1007 665 1047 frigidos

230 1056 276 1087 Et
300 1064 357 1087 nos
382 1054 460 1086 facis
486 1055 604 1087 calidos

278 1104 356 1143 Igne
380 1103 425 1133 tui
449 1105 598 1134 muneris.

229 1188 310 1227 Ave,
335 1190 438 1219 mater
463 1186 627 1226 principis,

231 1235 328 1274 Quem
350 1234 466 1274 pudice
489 1233 628 1274 concipis

275 1282 319 1314 Et
344 1281 430 1320 paris
454 1289 522 1311 cum
546 1280 670 1322 gaudio,

231 1329 290 1368 Qui
313 1338 402 1360 suum
427 1329 590 1360 introitum

233 1376 378 1408 Servavit
403 1380 433 1407 et
460 1376 586 1415 exitum,

278 1423 327 1455 Ne
351 1425 477 1462 pateret
500 1423 607 1455 laesio.

232 1510 312 1550 Ave,
338 1509 436 1540 turris
461 1509 605 1547 turrium,

232 1556 293 1588 Per
318 1565 411 1595 quam
435 1557 516 1587 ictus
543 1555 677 1587 hostium

280 1603 488 1642 Repelluntur
515 1603 644 1641 eminus,

231 1651 268 1683 In
294 1659 355 1692 qua
380 1650 648 1690 propugnaculum

231 1699 284 1730 Ad
311 1698 500 1729 vincendum
526 1697 678 1728 Zabulum

279 1746 397 1778 Factus
424 1744 485 1776 fuit
509 1744 671 1776 Dominus.

235 1833 314 1874 Ave,
342 1831 420 1863 caeli
448 1830 582 1871 domina,

231 1880 267 1911 In
293 1883 326 1910 te
350 1879 455 1911 cordis
477 1878 597 1909 lumina

277 1927 339 1959 Tui
363 1925 467 1967 figunt
490 1925 618 1966 servuli,

231 1974 341 2007 Donec
365 1975 434 2014 pias
458 1973 606 2005 lacrimas

230 2022 275 2054 Et
299 2025 450 2063 purgatas
476 2021 595 2054 animas

277 2070 337 2102 Tui
364 2072 496 2102 cernant
519 2069 613 2102 oculi,

231 2166 311 2207 Ave,
337 2173 395 2205 per
423 2173 515 2205 quam
541 2162 639 2194 ferrei

233 2213 315 2245 Sunt
338 2211 467 2245 contriti
491 2211 607 2251 laquei,

280 2261 363 2300 Quos
390 2261 430 2292 de
455 2261 561 2291 monte
586 2257 743 2299 tenderat,

231 2308 280 2340 De
306 2308 393 2340 cuius
420 2307 567 2346 decipula

231 2356 312 2397 Rex,
337 2356 392 2396 qui
414 2355 505 2388 novit
527 2353 661 2395 singula,

280 2405 342 2437 Per
365 2406 398 2436 te
422 2412 495 2435 suos
520 2402 645 2435 liberat.

832 231 885 262 24.
907 230 986 269 Ave,
1012 229 1121 261 mundi
1144 228 1316 268 speculum,

827 550 879 581 25.

828 871 882 901 26.

826 1189 881 1220 27.

827 1510 881 1542 28.

830 1832 885 1863 29.

831 2163 886 2196 30.

913 277 1008 309 Cuius
1031 277 1134 315 pascit
1157 276 1279 308 oculum

960 324 1103 356 Summae
1128 323 1215 364 pacis
1240 322 1329 365 visio,

910 369 947 403 In
973 380 1034 411 qua
1059 379 1170 409 praees
1194 370 1306 402 ceteris

911 417 979 449 Nec
1003 418 1122 449 moveri
1146 416 1265 457 poteris

957 465 1100 505 Unquam
1128 465 1166 496 ab
1191 464 1251 495 hoc
1276 463 1401 503 gaudio.

905 550 984 590 Ave,
1011 551 1136 588 pratum
1161 547 1316 590 floridum,

910 595 1000 634 Quod
1025 594 1129 627 effecit
1152 595 1315 636 gravidum

955 643 1073 674 Auster
1096 642 1197 674 sancti
1222 642 1362 682 spirim,

909 689 973 720 Ver
999 690 1072 721 dum
1096 688 1211 728 perflat
1234 689 1358 729 leniter,

909 736 958 768 De
983 740 1014 768 te
1037 736 1225 767 mirabiliter

956 783 1031 815 Flos
1058 785 1106 813 est
1124 784 1156 814 in
1182 785 1213 813 te
1238 783 1370 822 genitus.

908 869 988 909 Ave,
1012 868 1096 899 salus
1121 867 1239 906 miseri,

911 914 1003 946 Cuius
1029 913 1150 946 fructus
1179 914 1262 945 uteri

954 962 1079 993 Merces
1105 965 1150 993 est
1176 960 1356 997 viventium,

906 1010 1012 1048 Quem,
1039 1008 1090 1047 qui
1114 1008 1183 1040 Deo
1207 1008 1354 1048 militant,

908 1056 985 1087 Post
1009 1057 1140 1086 mortem
1164 1055 1345 1086 hereditant

955 1103 992 1134 In
1015 1105 1102 1134 terra
1126 1102 1307 1133 viventium.

907 1187 986 1228 Ave,
1013 1186 1088 1219 vitis
1113 1185 1244 1226 gratiae,

908 1234 995 1265 Dans
1020 1233 1126 1265 vinum
1151 1232 1301 1272 laetitiae,

956 1280 1046 1319 Quod
1073 1280 1153 1311 bibit
1178 1280 1319 1321 ecclesia,

908 1329 992 1368 Agni
1019 1328 1115 1367 digna
1137 1327 1267 1368 nuptiis,

910 1375 1028 1407 Christ1
1052 1375 1163 1406 strIcta
1187 1374 1336 1416 brachiis,

955 1423 1046 1456 Uxor
1068 1421 1172 1453 labem
1198 1422 1314 1453 nescia.

907 1509 986 1549 Ave,
1014 1515 1094 1547 quae
1117 1507 1162 1537 nil
1185 1505 1349 1544 tumidum,

908 1555 963 1586 Nil
986 1554 1077 1594 egisti
1103 1552 1277 1587 sordidum.

958 1602 1115 1633 Imitatrix
1139 1600 1208 1640 filii,

912 1650 968 1689 Qui
995 1648 1149 1688 superbos
1175 1647 1272 1680 deicit

910 1697 953 1728 Et
977 1697 1114 1727 incestos
1137 1695 1231 1727 reicit

958 1744 987 1775 A
1012 1744 1125 1775 throno
1152 1742 1273 1782 palatii.

912 1830 993 1866 Ave,
1021 1831 1107 1859 cuius
1132 1829 1253 1860 animus

912 1876 981 1908 Deo
1008 1874 1067 1907 fuit
1092 1875 1254 1914 proximus

958 1924 1098 1956 Verbum
1122 1922 1184 1954 Dei
1207 1922 1357 1964 retinens,

912 1971 1021 2003 Donec
1044 1970 1195 2002 mundum
1220 1970 1359 2001 redimat

911 2019 955 2051 Et
979 2017 1137 2050 infernum
1164 2017 1297 2059 perimat

959 2066 1205 2105 Redemptorem
1230 2065 1400 2098 sustinens

910 2162 989 2203 Ave,
1018 2169 1150 2200 sequens
1175 2160 1313 2202 minima,

911 2208 1059 2247 Quamvis
1084 2217 1169 2239 esses
1193 2208 1341 2250 maxima,

960 2255 1135 2288 Sanctitate
1160 2255 1306 2297 celebris,

914 2303 984 2336 Non
1010 2304 1123 2343 segnis,
1153 2313 1214 2336 non
1240 2304 1398 2344 petulans,

912 2351 985 2383 Non
1008 2352 1043 2383 in
1067 2352 1188 2392 magnis
1213 2351 1389 2392 ambulem,

962 2399 1033 2432 Non
1059 2399 1149 2431 elatis
1174 2398 1347 2440 palpebris,

1207 2452 1265 2485 10*
