1650 2612
356 428 412 460 40.

354 653 411 685 41.

354 880 410 912 42.

352 1106 408 1137 43.

346 1332 402 1363 44.

347 1557 405 1589 45.

347 1784 403 1817 46.

347 2013 402 2045 47.

343 2240 401 2273 48.

701 119 955 154 —121—

439 213 520 254 Ave,
544 214 629 256 iesu,
653 214 751 246 iudex
773 215 879 255 inopis
905 220 937 248 et
959 224 1142 257 pauperum,

441 258 488 290 De
512 269 607 292 manu
631 262 769 293 omnium
794 263 883 295 salva
906 272 963 295 nos
987 265 1187 303 peccatorum

437 306 543 345 Atque
569 309 658 348 eripe
683 308 861 340 hominibus
887 310 925 341 ab
951 311 1076 350 iniquis,

439 352 498 391 Qui
521 353 628 394 impiis
653 355 804 387 iudicium
830 355 907 388 facis
933 360 965 388 et
988 358 1106 397 aequiS.

440 429 520 471 Ave,
548 430 602 469 qui
627 438 644 461 a
669 430 782 470 laqueo
807 434 897 470 potes
923 433 1091 471 custodire,

439 474 517 513 Scis,
545 478 628 516 quod
654 481 837 516 peccatores
861 479 1005 518 laqueum
1031 487 1194 519 paravere,

437 522 535 560 Quem
560 533 719 563 nunquam
744 525 813 556 sine
836 527 869 556 te
892 529 1003 565 potero
1029 526 1173 563 evadere,

438 570 497 607 Qui
522 570 554 601 in
579 570 732 602 retiaculo
757 580 819 603 non
844 575 934 611 potes
960 574 1083 606 cadere.

437 654 518 692 Ave,
544 655 633 686 cuius
660 655 824 687 dexteram
851 656 880 687 si
903 657 1048 697 timuero,

436 702 475 733 In
501 702 552 733 via
575 702 636 733 hac
660 703 810 741 quamdiu
835 703 1047 744 ambulavero,

436 748 581 787 Laqueos
609 747 751 788 effugiam
777 750 984 790 inimicorum,

437 795 518 833 Quia
541 805 600 836 per
625 798 656 826 te
680 805 790 828 manus
816 797 947 829 evadam
973 797 1109 829 illorum.

437 880 517 920 Ave,
546 882 632 912 cuius
657 881 789 919 spiritus
814 884 860 913 est
886 882 1042 923 anxiatus,

437 926 529 967 Vide,
556 936 681 967 quaeSO,
709 936 764 967 ego
789 929 872 967 quod
897 929 955 959 sim
983 928 1185 960 conturbatus

435 974 479 1004 Et
504 973 567 1015 fac,
594 978 628 1006 ut
652 975 711 1005 sim
737 975 800 1006 tuis
825 976 982 1007 mandatis
1007 978 1156 1013 attentus,

433 1021 500 1060 Quo
525 1030 575 1053 me
600 1021 641 1053 ad
667 1024 698 1052 te
723 1021 860 1053 deducat
882 1023 1012 1061 spiritus
1037 1025 1174 1054 sanctus.

436 1106 516 1148 Ave,
543 1106 625 1146 Iesu,
650 1105 705 1144 qui
730 1106 787 1137 das
811 1106 944 1137 salutem
971 1107 1109 1147 regibus,

432 1151 538 1183 David
564 1152 694 1184 salvasti
722 1153 873 1191 periculis
899 1153 938 1184 ab
965 1153 1120 1195 omnibus,

430 1198 517 1229 Erue
541 1208 598 1230 nos
626 1199 666 1230 de
691 1199 833 1231 manibus
858 1200 1031 1231 alienorum

430 1244 560 1285 Nosque
584 1245 711 1277 tandem
738 1246 812 1277 hinc
836 1245 976 1278 transfer
1001 1247 1042 1278 ad
1068 1254 1165 1285 regna
1191 1247 1358 1279 caelorum.

428 1331 508 1371 Ave,
535 1331 588 1370 qui
611 1331 712 1362 iustus
739 1339 771 1361 es
795 1331 858 1362 tuis
883 1331 915 1362 in
942 1332 1101 1370 operibus,

428 1378 532 1417 Prope
556 1382 623 1409 esto
647 1377 790 1408 omnibus
816 1380 847 1408 te
869 1378 1100 1417 invocantibus,

428 1424 618 1456 Timentium
644 1428 675 1455 te
700 1425 751 1464 qui
778 1425 972 1456 voluntatem
998 1424 1124 1464 perficis

429 1471 577 1511 'suaeque
602 1471 722 1512 gloriae
743 1472 916 1511 participes
939 1470 1049 1506 efficis.

431 1557 512 1597 Ave,
534 1557 617 1600 Iesu,
642 1556 729 1587 soius
755 1557 809 1596 qui
833 1557 931 1589 solvis
954 1557 1160 1597 compeditos,

433 1603 542 1635 Caecis
567 1605 621 1643 qui
645 1603 754 1635 reddis
779 1604 885 1635 oculos
910 1604 1116 1646 illuminatos,

430 1650 537 1694 Erige,
565 1659 691 1691 quaeso,
717 1659 736 1681 a
762 1651 888 1682 diabolo
914 1652 1016 1692 elisos,

430 1698 574 1738 Pupillos
600 1698 652 1738 qui
679 1698 817 1729 custodis
841 1699 1040 1739 advenasque
1064 1700 1178 1731 laesoS.

430 1786 509 1822 Ave,
537 1784 590 1824 qui
615 1783 765 1825 producis
790 1783 823 1814 iu
848 1784 1006 1815 montibus
1033 1782 1159 1815 foenum

428 1830 473 1862 Et
495 1831 549 1871 qui
576 1831 632 1862 das
657 1830 789 1861 herbam
813 1831 957 1862 servituti
983 1831 1152 1872 hominum,

432 1878 579 1910 Concede
603 1877 663 1909 tibi
690 1877 784 1916 digne
808 1886 902 1917 posse
927 1879 1057 1919 servire,

429 1926 474 1958 Ut
497 1935 556 1965 pro
584 1924 667 1957 datis
693 1927 797 1964 grates
821 1925 977 1964 possimus
1002 1926 1148 1957 reddere.

429 2012 511 2050 Ave,
536 2011 620 2051 Iesu,
647 2008 813 2041 ecelesiam
838 2010 891 2049 qui
917 2009 1104 2042 confortasti

426 2058 472 2091 Et
496 2057 575 2090 fines
602 2059 668 2089 eius
693 2065 803 2096 pacem
829 2058 899 2098 ipse
922 2059 1086 2100 posuisti‚.-

425 2106 477 2138 Da
501 2106 594 2138 nobis
619 2105 665 2137 sic
689 2105 721 2135 in
748 2113 785 2136 ea
809 2104 861 2136 hic
885 2114 1100 2147 perseverare,

427 2154 493 2192 Quo
519 2152 671 2185 frumenti
693 2152 819 2192 adipem
844 2153 1000 2192 possimus
1026 2154 1131 2187 edere.

427 2241 507 2280 Ave,
535 2239 586 2270 cui
611 2245 718 2270 omues
743 2236 865 2268 bestiae
890 2241 1062 2278 cunctaque
1086 2246 1213 2277 pecora,

425 2287 597 2329 Serpentes
621 2285 840 2324 volucresque,
866 2294 947 2325 pura
972 2288 1003 2317 et
1026 2287 1161 2326 impura,

425 2335 534 2367 Omnis
559 2342 636 2365 sane
660 2335 693 2363 te
717 2332 828 2363 laudat
852 2335 905 2364 tua
933 2336 1088 2375 creatura,

425 2382 499 2414 Tibi
525 2388 661 2421 namque
686 2380 787 2411 omnis
813 2383 977 2412 creaturae
1001 2384 1050 2413 est
1074 2389 1159 2413 cura.
