1650 2612
185 211 213 243 9.
241 210 324 253 Iesu,
352 210 404 249 qui
430 212 555 249 psalmo
581 221 662 243 nono

287 257 326 287 ob
353 257 461 288 datam
485 260 674 296 potestatem

238 302 312 334 Tibi
334 302 536 335 iudiciariam

681 119 912 153 -65-

287 350 449 381 exsultans
473 351 586 382 laudas
611 354 745 392 patrem,

239 397 278 428 In
305 398 445 428 extremo
470 397 588 429 iudicio

285 452 326 474 ne
350 443 451 482 nobis,
478 453 605 484 quaeso,
630 444 690 483 Ite,

840 428 893 461 15.

239 489 303 521 Sed
327 490 369 520 ad
396 490 517 521 dextris
543 491 712 534 stantibus,

287 545 304 568 o
331 537 414 578 Iesu,
441 537 494 568 dic
521 537 643 569 Venite.

155 612 210 645 10.
236 611 319 653 Iesu,
346 612 400 651 qui
425 621 532 652 regem
555 613 662 645 David

287 659 326 690 ad
353 659 451 691 Moab
474 658 657 701 fugientem,

238 705 373 738 Iubente
398 706 556 745 propheta
582 706 653 738 Gad

286 752 364 784 inde
388 756 601 784 revertentem

239 800 275 831 In
301 801 334 830 te
359 797 439 831 facis
466 799 635 839 confidere,

284 854 326 877 ne
350 846 427 885 quid
452 846 481 877 ei
504 846 630 878 molesti

837 829 890 860 16.

238 893 421 932 Contingat,
445 893 491 924 sic
516 893 678 925 nobiscum
704 892 765 933 fac,

285 940 411 980 quando
437 949 543 971 sumus
567 941 690 972 maesti.

156 1017 210 1050 11.
238 1016 320 1054 Iesu,
348 1015 402 1054 qui
429 1016 468 1047 de
495 1015 592 1055 Oeyla

286 1062 360 1094 dum
383 1062 489 1094 David
514 1061 666 1104 fugiebat,

238 1110 337 1148 Quem
360 1109 505 1148 ingratus
530 1110 665 1149 populus

286 1156 416 1188 tradere
438 1157 576 1198 volebat,

240 1203 388 1243 Salvasti,
416 1203 463 1234 sic
487 1204 576 1235 salva
596 1212 662 1243 nOS,

285 1250 320 1282 in
342 1250 548 1282 tribulatione

838 1231 893 1264 17.

236 1298 396 1330 Malorum
422 1297 496 1329 dum
522 1297 685 1329 existimus

286 1347 318 1376 et
341 1345 572 1384 persecutione.

155 1422 210 1454 12.
236 1421 319 1464 Iesu,
346 1421 399 1460 qui
424 1429 484 1460 per
508 1422 657 1460 quattuor

284 1477 383 1508 regna
407 1466 572 1507 affligebas

236 1516 413 1555 Hebraeos,
441 1515 578 1554 dumque
602 1516 725 1555 rogant,

283 1566 317 1594 tu
342 1562 546 1602 exaudiebas,

236 1611 267 1642 A
293 1618 398 1651 carne,
424 1609 553 1645 mundo,
582 1608 733 1639 daemone

285 1661 317 1689 et
342 1659 455 1696 quarto
479 1655 607 1687 inimico

836 1636 888 1669 18.

234 1704 302 1737 Nos
328 1712 464 1744 semper,
499 1710 625 1742 quaeso,
651 1701 763 1742 libera,

282 1754 315 1783 et
339 1753 445 1792 grates
470 1750 530 1781 tibi
554 1750 634 1782 dico.

151 1829 205 1862 13.
233 1829 317 1869 Iesu,
343 1826 640 1859 Nabuchodonosor

282 1875 329 1906 sic
351 1874 455 1906 sciens
480 1881 550 1904 esse
574 1880 672 1911 reum,

235 1923 325 1961 Quod
353 1924 384 1953 et
408 1921 506 1952 verbo
532 1918 680 1959 factoque

282 1969 506 2009 blasphemans
531 1970 627 2007 negat
648 1966 761 2004 Deum,

234 2017 269 2050 Si
294 2017 347 2057 qui
369 2016 403 2048 in
428 2015 520 2048 nobis
544 2014 621 2046 mali
646 2016 728 2052 sunt,

280 2064 334 2105 qui
360 2063 457 2095 verbo
483 2063 541 2094 sed
565 2071 629 2094 non
654 2059 738 2092 facto

232 2114 280 2146 Te
305 2110 507 2149 confitentur,
535 2110 657 2149 corrige

279 2159 460 2199 opportuno
485 2159 591 2189 nacto.

151 2237 206 2269 14.
232 2236 316 2275 Iesu,
343 2234 396 2274 qui
422 2242 491 2265 cum
517 2233 642 2265 macula

278 2282 440 2314 ministros
464 2281 612 2312 habitare

232 2331 270 2362 In
295 2332 349 2361 tuo
375 2328 581 2360 tabernaculo

279 2385 339 2408 nec
363 2376 440 2407 sinis
465 2376 657 2417 ministrare,

833 2042 887 2073 19.

192 2436 214 2459 D
221 2441 252 2458 re
258 2440 291 2457 ve
298 2439 309 2456 s
317 2451 322 2461 ‚
340 2433 462 2456 Psalteria
477 2431 631 2461 Rhythmioa.
663 2431 684 2454 1.

921 214 970 245 Da
994 221 1054 253 per
1077 215 1302 254 paenitentiam

963 263 1094 300 peccata
1118 270 1175 295 nos
1202 261 1317 293 deflere

916 307 960 338 Et
984 307 1111 339 tandem
1137 310 1373 342 tabernaculum

967 354 1101 386 caeleste
1122 356 1296 394 possidere.

918 429 1000 466 Iesu,
1027 429 1152 468 quintus
1180 431 1318 462 decimus

964 476 1105 514 psalmus
1132 477 1319 509 decantatur

918 521 967 552 De
992 524 1233 564 resurrectione,

964 572 999 599 ut
1018 568 1132 601 Petrus
1157 573 1303 610 testatur,

918 614 999 645 Dum
1026 624 1044 646 a
1067 619 1169 648 morte
1189 617 1356 659 surgimus,

965 669 1034 692 cum
1059 662 1169 694 hoedis
1193 672 1255 695 non
1280 666 1375 703 stare,

919 707 981 738 Sed
1008 708 1049 738 ad
1071 710 1158 740 tuam
1184 710 1347 742 dexteram

964 754 1038 785 iube
1063 756 1229 788 collocare.

917 828 999 867 Iesu,
1026 828 1089 871 qui,
1117 830 1190 861 dum
1215 834 1330 869 oraret,

964 874 1069 906 David
1095 877 1253 908 exaudisti

917 921 1069 964 Eumque,
1096 932 1137 954 ne
1162 927 1290 964 caperet

966 968 1051 1007 Saul,
1079 970 1254 1010 custodisti,

917 1016 947 1047 A
971 1015 1062 1046 malis
1089 1017 1162 1047 dum
1184 1025 1410 1058 persequimur,

966 1062 1021 1101 sic,
1048 1071 1173 1105 quaeso,
1198 1072 1254 1094 nos
1277 1067 1367 1095 tuere

919 1110 956 1141 In
983 1117 1115 1147 corpore
1140 1111 1190 1142 vel
1216 1110 1320 1142 anima

966 1164 1006 1186 nc
1030 1156 1157 1188 valeant
1181 1165 1304 1189 nocere.

919 1232 1003 1272 Iesu,
1031 1231 1080 1262 cui
1102 1232 1207 1264 David
1230 1241 1286 1263 rex

966 1287 1023 1317 pro
1049 1279 1264 1318 angustiarum

919 1324 1175 1359 Liberationibus

965 1372 1074 1404 reddit
1098 1373 1271 1412 gratiarum

917 1419 1079 1458 Actiones,
1108 1420 1157 1458 da,
1185 1424 1219 1451 ut
1243 1429 1300 1451 nos

965 1468 1070 1506 grates
1096 1467 1143 1498 sic
1167 1476 1305 1507 agamus,

918 1513 967 1544 Ne
991 1522 1049 1553 pro
1077 1512 1237 1545 beneficiis

963 1560 1079 1600 ingrati
1104 1570 1294 1594 maneamus

917 1636 1000 1674 Iesu,
1027 1636 1080 1675 qui
1104 1645 1162 1676 per
1189 1637 1322 1668 caelicos

965 1683 1048 1714 viros
1074 1683 1245 1723 publicasti

915 1730 1030 1762 Fidem
1054 1731 1218 1772 evangelii,

963 1785 1040 1816 quos
1064 1776 1260 1816 illuminasti,

915 1825 952 1855 In
977 1823 1028 1854 via
1052 1832 1148 1855 verae
1171 1823 1247 1855 fidei

962 1879 1018 1902 nos
1044 1874 1131 1902 recte
1155 1879 1281 1910 semper
1305 1871 1353 1901 ire

914 1918 982 1950 Fac
1007 1921 1039 1948 et
1061 1922 1133 1957 post
1159 1919 1199 1950 ad
1226 1918 1345 1949 caelica

961 1973 1059 2005 regna
1080 1966 1256 2005 pervenire.

913 2042 995 2084 Iesu,
1024 2049 1087 2081 qm,
1114 2041 1239 2081 quando
1268 2040 1371 2073 David

960 2097 1018 2128 pro
1044 2089 1185 2120 exercitu
1210 2091 1290 2128 orat,

912 2135 1056 2168 Exaudis
1082 2136 1246 2168 victoriam

962 2184 1051 2222 dans,
1077 2191 1136 2223 pro
1162 2192 1223 2222 qua
1246 2183 1405 2222 implorat,

912 2230 962 2262 De
987 2230 1073 2261 caelo
1097 2230 1258 2272 auxilium,

961 2278 1034 2309 dum
1059 2286 1244 2317 quacunque
1268 2277 1347 2309 hora

911 2326 999 2357 Inire
1022 2325 1139 2357 bellum
1166 2325 1314 2365 cogimur,

958 2372 1048 2403 mitte
1073 2373 1140 2404 sine
1164 2381 1262 2404 mora.
