1650 2612
651 129 910 166 —233-

142 216 188 246 31.
208 220 279 255 Ave,
301 221 461 256 pudicitiae
889 226 943 253 Per
962 228 991 253 te
1011 225 1098 253 corda
1117 224 1225 260 dirigat

246 258 333 286 decus
354 258 508 293 illibatum,
928 266 956 290 et
974 264 1110 291 informet
1128 263 1217 294 aetus,

206 297 276 329 Fae,
295 305 334 324 ne
351 298 438 325 nobis
460 299 604 327 Dominus
889 301 914 328 A
938 309 994 337 quo
1014 303 1165 335 ieparatus
1186 301 1230 326 est

245 334 371 370 imputet
390 339 548 371 peccatum,
926 339 1049 366 mundus
1070 338 1155 373 eulpa
1174 336 1290 364 stactus.

210 372 267 400 Sed
285 372 415 416 eonfixas
436 377 567 402 conterat
822 383 866 413 33,
889 386 960 419 Ave,
980 387 1062 421 virgo
1083 386 1199 420 pariens

247 418 347 445 SP¹1³¹2²S
367 411 560 457 voluptatum,
924 424 1026 450 mundi
1044 423 1227 457 salvatorem,

209 447 329 475 Omnem
351 448 554 477 confident1um
889 459 976 488 Cuius
997 460 1173 488 ineffabilem

246 485 359 514 diluens
380 489 500 515 reatum.
924 497 1066 534 gustando
1087 498 1231 525 dulcorem

141 529 186 559 32.
207 533 278 566 Ave,
300 535 383 560 euius
404 536 503 562 uterus
886 537 971 564 Mitte
990 538 1121 563 sanctum
1141 534 1275 571 angelum

247 579 337 606 purus
359 573 387 599 et
406 572 532 599 intactus
927 574 1012 601 nobis
1034 573 1204 607 adiutorem,

209 609 264 636 Est
283 618 335 644 per
355 612 486 637 sanctum
507 611 641 645 spiritum
889 612 945 645 Qui
966 614 1096 638 sanetum
1115 619 1169 639 nos
1189 611 1308 638 Domini

248 647 359 674 eaelum
380 648 463 674 verbi
482 648 584 681 factus,
926 649 1027 676 doceat
1048 650 1188 676 timorem.

130 700 178 737 34,
199 702 215 731 6
241 705 305 731 sive
325 706 439 731 scutum
457 704 493 731 E.
521 719 560 723 —
583 702 629 739 35,
650 703 670 731 4
689 714 776 733 verae
795 706 884 741 volup
887 706 954 732 tatis:
977 706 1014 732 D.
1043 719 1080 722 —
1108 702 1153 740 36,
1175 703 1191 731 6
1212 708 1330 732 sanctae
1348 707 1431 733 trini-

130 723 200 768 tatis
221 742 258 769 D.
285 756 322 760 —
348 739 393 774 37,
415 741 432 767 7
459 745 629 777 perpetuum
647 742 683 770 E.
709 758 745 762 —
769 740 815 777 37,
836 741 854 770 8
866 715 1057 770 pdefensorem
1077 743 1113 770 D.
1138 756 1175 761 —-
1200 740 1245 776 38,
1268 742 1284 770 7
1305 745 1430 778 gratiam

130 779 167 806 D.
189 794 226 799 —-
249 778 305 806 Str.
326 777 363 807 38
383 779 442 806 und
461 778 499 808 40
519 788 581 816 sqq.
601 781 701 808 lauten
721 782 752 808 in
773 780 807 808 G.

407 833 453 863 38.
473 837 544 870 Ave,
566 845 641 873 quae
659 838 791 864 iustitiae
809 838 873 865 vias
895 837 1055 868 custodisti,

475 874 575 907 Corde,
595 874 693 908 verbo,
714 883 800 911 opere
820 882 968 911 nunquam
988 875 1146 909 deliquisti,

471 913 532 940 Nos
553 912 690 940 thesauro
711 913 823 949 gratiae
844 913 906 940 dita
923 912 991 939 Iesu
1013 911 1130 945 Christi,

473 950 566 983 Quem
584 952 701 978 nostrae
720 951 901 978 substantiae
923 958 1008 977 earne
1028 949 1159 976 induisti.

404 1003 450 1032 40.
471 1006 543 1038 Ave,
566 1006 602 1033 de
621 1013 679 1042 qua
697 1006 842 1033 Dominus
861 1007 978 1033 nostrae
998 1006 1093 1032 earnis
1113 1003 1229 1032 foenum

472 1025 610 1079 Smnpsit,
631 1052 717 1078 super
736 1051 892 1079 pauperem
912 1043 1064 1070 intendens
1085 1051 1216 1077 egenum,

471 1081 566 1115 'Perge
585 1081 688 1116 cuipae
708 1081 836 1108 maculas
856 1082 1026 1116 peccatique
1046 1087 1176 1113 caenum,

472 1119 514 1146 Ut
532 1119 564 1145 in
583 1119 646 1146 Deo
667 1119 806 1152 gaudium
825 1121 954 1146 nostrum
975 1118 1028 1145 fiat
1046 1117 1173 1152 plenum.

406 1173 452 1201 41.
474 1176 543 1210 Ave,
566 1183 641 1211 quae
661 1174 807 1202 desideras
829 1175 936 1203 fontem
957 1176 1037 1201 vitae
1056 1182 1150 1209 verae,

471 1214 611 1241 Nostrum
631 1212 806 1240 desiderium
824 1214 903 1240 mitis
922 1214 1044 1243 intuere,

471 1251 547 1278 Ante
567 1251 624 1278 Dei
643 1250 746 1277 faeiem
766 1250 813 1278 fae
832 1259 885 1278 nos
906 1258 1046 1285 apparere

469 1289 553 1316 Dans
573 1288 609 1316 de
627 1288 809 1323 plenitudine
827 1289 916 1315 fontis
936 1296 989 1315 nos
1009 1288 1143 1324 gaudere.

402 1342 449 1372 42.
472 1346 544 1378 Ave,
563 1347 656 1372 mater
675 1345 790 1378 iudicis,
810 1345 884 1372 lueis
906 1347 935 1371 et
954 1344 1023 1379 diei,

471 1383 556 1411 Mons
581 1386 610 1410 et
628 1382 848 1410 tabernaculum
867 1390 954 1410 verae
972 1383 1093 1426 lequiei,

469 1422 560 1448 Prece
580 1424 632 1448 tua
650 1421 780 1448 maculas
801 1423 881 1457 terge
901 1420 995 1447 ‹ordis
1016 1422 1082 1455 mei,

472 1459 514 1486 Ut
532 1460 642 1486 intrare
663 1467 775 1486 merear
796 1459 833 1485 ad
854 1459 947 1486 altare
965 1456 1031 1485 Dei.

405 1512 451 1542 43.
472 1516 543 1548 Ave,
564 1523 652 1551 quam
672 1515 862 1550 archangelus
883 1514 994 1542 salutat
1013 1515 1154 1549 caelestis,

472 1554 554 1580 Tuae
575 1555 764 1581 castimoniae
784 1556 880 1580 eustos
901 1554 988 1588 atque
1007 1553 1100 1585 testis,

474 1591 531 1618 Per
550 1593 579 1618 te
598 1591 655 1618 Dei
674 1589 752 1618 filius
773 1590 822 1618 det
841 1591 963 1618 salutem
984 1591 1111 1624 maestis,

472 1629 513 1655 Et
531 1637 585 1655 nos
606 1631 687 1656 ornet
706 1637 824 1656 munere
842 1628 984 1665 nuptialis
1003 1629 1103 1656 vestis.

130 1684 176 1721 44,
199 1685 216 1712 7
237 1693 273 1713 ex
292 1688 321 1712 te
341 1685 450 1712 fructus
471 1686 512 1712 sit
531 1684 566 1711 D.
592 1699 630 1703 —
649 1681 694 1717 44,
715 1682 733 1712 8
754 1684 846 1712 Nobis
868 1684 1012 1711 medicina
1031 1684 1067 1712 D.
1088 1698 1124 1702 —
1143 1683 1189 1717 47,
1210 1682 1227 1710 5
1250 1685 1295 1711 Tu
1316 1692 1430 1719 magna,

130 1726 163 1750 tu
183 1723 335 1760 praeclara
354 1723 389 1750 Ε.
410 1738 447 1742 -
468 1722 525 1750 Str.
545 1719 582 1749 48
602 1722 695 1749 lautet
713 1724 745 1749 in
766 1722 803 1749 G:

404 1776 451 1806 48.
472 1780 542 1812 Ave,
565 1778 647 1807 euius
667 1780 797 1815 germine
812 1787 866 1806 nos
887 1787 986 1806 sumus
1007 1778 1149 1815 redempti

472 1817 513 1844 Et
531 1816 567 1844 de
586 1825 675 1844 manu
694 1817 777 1844 inferi
800 1819 934 1852 potenter
955 1817 1088 1852 exempti,

472 1855 587 1883 Christo
607 1856 672 1882 laus
693 1859 723 1882 et
740 1855 837 1891 gloria
855 1863 909 1882 nos
930 1855 1108 1890 suscipienti,

470 1894 547 1926 Tibi,
568 1893 625 1920 Dei
644 1894 784 1928 genetrix,
804 1893 901 1928 ipsum
920 1893 1054 1927 parienti.

129 1951 212 1987 50,1
232 1953 303 1985 Ave,
326 1959 402 1988 quae
421 1959 474 1977 nos
496 1950 637 1977 miserans
657 1949 719 1982 AD,
740 1950 802 1977 Ave
822 1949 1047 1976 clementissima
1068 1948 1098 1976 C.
1121 1964 1157 1968 —-
1176 1946 1221 1982 50,
1238 1945 1255 1975 3
1276 1949 1358 1982 Quae
1378 1951 1430 1976 mi-

129 1990 305 2019 serieordiae
325 1989 414 2017 AGD.
435 2003 472 2007 —
493 1985 538 2021 50,
559 1986 578 2014 4
597 1969 747 2015 111156181Ξ1ε,
766 1987 803 2015 D.
823 2002 861 2005 —

207 2040 243 2071 ΙΙ.
287 2040 311 2076 1,
326 2040 343 2069 2
363 2044 466 2075 mater,
488 2042 611 2068 matrum
628 2039 722 2076 gloria
740 2039 769 2066 O.
790 2054 829 2058 ——
852 2038 875 2073 1,
891 2039 907 2066 ’7
928 2040 1018 2067 simus
1035 2039 1092 2067 Dei
1105 2039 1141 2066 Ε.
1162 2053 1199 2058 —-
1219 2036 1245 2073 3,
1260 2037 1277 2066 2
1299 2039 1431 2068 Christus

127 2082 192 2109 fuso
215 2081 246 2109 C.
270 2099 300 2102 --
323 2079 351 2114 4,
372 2078 389 2107 ’7
408 2079 466 2106 Per
486 2078 563 2115 quod
583 2078 620 2105 D.
641 2091 678 2096 ⁶—
698 2075 762 2111 6,1
784 2078 879 2105 vietor
899 2078 1000 2105 mortis
1022 2078 1052 2106 Ο
1072 2092 1111 2096 -
1133 2076 1158 2113 6,
1172 2075 1192 2104 4
1215 2076 1302 2113 Spem
1321 2079 1432 2113 impen-

128 2120 172 2148 dit
193 2120 225 2147 C.
249 2133 288 2139 —-
314 2117 376 2152 7,1
406 2119 489 2154 virgo
511 2124 670 2152 perquam
689 2116 769 2143 Deus
791 2114 821 2141 C.
849 2132 882 2138 --
908 2114 934 2149 ’7,
955 2113 972 2142 5
999 2124 1041 2152 sq.
1063 2124 1116 2143 nos
1137 2117 1230 2143 sancti
1251 2125 1319 2152 rege
1339 2115 1369 2142 G.
1394 2130 1431 2134 —

128 2156 187 2192 8,1
208 2167 242 2194 sq
275 2140 410 2185 Christus
430 2157 479 2191 pie
501 2155 532 2183 C.
549 2169 585 2173 —
606 2152 632 2190 8,
647 2151 665 2181 3
685 2153 812 2181 DumD.
833 2168 870 2172 —
889 2152 916 2189 9,
930 2150 948 2180 8
969 2153 1144 2181 offendatD.
1221 2152 1265 2188 10,
1280 2154 1298 2182 3
1314 2153 1434 2181 Summa

128 2198 217 2224 turris
225 2167 275 2224 qD.
296 2210 334 2214 —
353 2195 410 2223 Str.
434 2192 467 2222 11
488 2192 562 2221 fehlt
580 2193 617 2220 D.
637 2207 675 2212 -—
696 2189 741 2224 12,
757 2189 773 2219 6
793 2195 949 2228 perpetuae
963 2192 1001 2219 D.
1021 2207 1058 2212 —-
1080 2190 1123 2226 12,
1138 2190 1156 2220 8
1167 2174 1328 2219 custodiae
1342 2191 1372 2219 C.
1394 2207 1433 2211 —

127 2234 185 2262 Str.
208 2232 243 2262 13
263 2234 358 2261 lautet
376 2235 407 2261 in
429 2232 460 2260 C.

405 2282 449 2312 13.
473 2284 569 2316 Salve,
589 2286 692 2316 mater,
713 2285 743 2310 et
764 2283 868 2310 exaudi
887 2291 974 2311 voces
994 2283 1219 2319 deprecantinm,

472 2322 655 2357 protegendo
674 2329 728 2348 nos
749 2320 838 2348 allide
857 2322 934 2349 vires
954 2321 1186 2357 malignantium,

470 2362 513 2389 Ut
531 2360 674 2387 laetantes
694 2359 763 2387 Iesu
783 2358 893 2387 Christi
913 2360 1079 2387 nuntiemus
1101 2367 1190 2395 opera

468 2400 510 2428 Et
529 2402 562 2425 ut
581 2400 677 2434 ipsum
698 2406 751 2425 nos
770 2397 922 2426 laudemus
942 2398 1079 2425 translati
1099 2399 1131 2425 in
1147 2398 1273 2425 dextera.
