1650 2612
224 186 266 218 27

226 401 268 433 28

223 615 265 647 29

224 841 267 873 30

224 1065 264 1097 31

223 1291 266 1321 32

223 1506 264 1538 33

738 90 968 125 -43-μ

270 208 277 215 .
304 186 381 228 Ave,
406 186 497 226 panis
521 187 710 227 angelorum,

306 233 378 264 Iesu
403 232 491 264 cibus
513 235 548 264 tu
573 233 724 271 ciborum,

306 282 334 311 A
360 280 510 318 languore
533 288 584 311 me
606 287 744 311 meorum

303 325 457 358 Refoveto
482 326 636 359 vitiorum.

273 426 280 433 .
308 401 385 439 Ave,
412 401 495 441 Iesu,
521 403 640 432 mentes
665 400 812 440 fundans,

305 447 492 486 Impollutus
515 456 572 478 nos
599 447 780 486 emundans,

305 493 435 526 Pietatis
460 492 530 524 fons
554 493 720 531 inundans,

306 540 354 572 Sis
369 549 419 572 me
431 548 561 571 servans
576 543 606 571 et
620 539 824 572 circumdans.

271 638 277 644 .
305 616 383 654 Axe,
410 614 492 652 lesu,
511 616 676 654 pulchrum
693 615 825 646 multum

305 662 405 693 Nobis
430 662 548 701 praebe
572 665 658 693 tuum
684 662 814 704 vultum,

301 708 347 740 Et
357 709 389 740 111
403 708 504 747 nobis,
524 710 607 748 quod
624 713 671 741 est
683 709 823 750 stultum,

302 756 355 787 Ad
380 758 541 787 aeternum
565 757 663 788 reduc
687 756 813 789 cultum.

272 867 278 874 .
304 841 382 883 Ave,
409 839 482 872 Iesu
506 849 562 871 ver
586 843 618 871 et
642 844 756 880 aestaS,

305 887 411 919 Omnis
436 887 544 918 subest
569 888 617 918 cui
641 890 791 927 potestas,

303 934 353 965 Tu
376 937 409 965 te
432 934 494 964 tuis
519 933 712 975 manifestas,

303 980 433 1019 Quando
442 981 504 1011 mel
514 983 822 1021 etmannapraestaS.

272 1091 278 1098 .
305 1065 384 1105 Ave,
408 1064 503 1096 iudex
530 1074 696 1105 egenorum

302 1112 344 1143 Et
372 1110 520 1143 defensor
541 1113 743 1151 pupillorum,

303 1159 385 1198 Iesu,
412 1157 497 1190 Deus
522 1162 557 1190 tu
583 1160 721 1199 deorum,

303 1205 396 1237 Stans
420 1205 454 1235 in
478 1206 580 1237 medio
606 1214 721 1237 eorum.

271 1317 278 1324 .
304 1291 381 1333 Ave,
411 1290 491 1332 Iesu,
517 1299 578 1321 non
604 1290 733 1327 tacebis,

302 1337 376 1368 Non
399 1339 563 1376 mutesces,
588 1346 650 1368 non
675 1337 792 1379 silebis,

303 1384 412 1415 Donec
436 1392 543 1415 omnes
566 1384 732 1416 rehabebis

303 1431 397 1471 Tuos,
420 1433 493 1469 post
508 1431 586 1462 haec
603 1440 678 1471 quos
692 1431 823 1464 tenebis.

270 1530 278 1538 .
305 1507 381 1548 Ave,
409 1506 492 1547 Iesu,
519 1515 611 1545 quam
636 1506 771 1547 beatum,

302 1554 399 1592 Quam
441 1553 610 1584 iucundum
659 1562 813 1593 quamque

602 1603 725 1640 gratum

303 1646 355 1677 Ire
380 1649 482 1678 tecum
506 1646 569 1678 iam
592 1648 739 1681 locatum,

304 1693 328 1725 O
355 1702 446 1734 quam
473 1692 549 1724 felix
574 1695 639 1726 tale
661 1695 778 1727 datum.

220 1770 275 1802 34.
298 1771 376 1809 Ave,
404 1769 505 1809 dator,
532 1770 600 1809 spei
626 1772 741 1809 certae,

224 1988 265 2019 35

223 2203 265 2235 36

301 1817 353 1848 Ad
379 1819 419 1856 te,
443 1816 525 1857 Iesu,
551 1826 607 1849 nos
633 1820 791 1857 converte,

301 1864 391 1896 Mala
413 1866 523 1895 nostra
542 1866 577 1895 tu
598 1865 747 1896 subverte

302 1911 371 1942 ‚Nec
395 1921 414 1942 a
436 1910 527 1941 nobis
551 1913 584 1941 te
608 1913 724 1943 averte.

272 2010 279 2016 .
304 1986 384 2026 Ave,
412 1983 532 2018 fructus
557 1988 591 2016 111
615 1986 739 2018 Mariae

304 2033 349 2064 Et
373 2032 498 2064 calestis
522 2041 578 2065 vas
602 2033 740 2073 sophiae,

304 2078 371 2111 Fac
394 2087 445 2110 me
467 2079 594 2119 laetum,
619 2080 692 2111 Iesu
715 2081 778 2121 pie,

303 2127 356 2158 Ad
381 2129 414 2157 te
438 2126 537 2157 clamo
561 2129 630 2157 tota
650 2128 711 2159 die.

271 2229 277 2236 .
302 2202 382 2244 Ave,
408 2200 489 2239 Iesu,
516 2200 615 2232 bonus
640 2202 740 2242 bonis,

303 2250 359 2281 Me
385 2249 424 2280 de
446 2250 534 2279 terra
557 2248 729 2288 Babylonis

304 2296 520 2336 Suspirantem
550 2296 628 2326 caeli
651 2296 772 2327 thronis

302 2344 347 2376 Et
370 2345 548 2375 sanctorum
570 2342 664 2383 iunge
687 2343 782 2375 sonis.

895 187 950 218 37.

895 411 950 443 38.

894 636 949 667 39.

894 862 948 894 40.

894 1088 949 1119 41.

893 1313 949 1344 42.

893 1538 949 1569 43.

894 1764 948 1795 44.

895 1990 949 2020 45.

897 2204 952 2236 46.

977 185 1053 227 Ave,
1080 185 1165 227 Iesu,
1190 187 1224 216 tu
1252 183 1363 215 salutis

975 231 1069 263 Meae
1092 232 1179 263 Deus
1206 234 1236 263 01
1260 230 1397 269 virtutis,

976 278 1027 310 Da
1051 287 1120 310 cum
1146 279 1265 310 caelum
1289 280 1321 308 te
1346 277 1462 308 secutis

975 324 1181 364 Requieseam
1206 324 1285 356 locis
1309 324 1396 355 tutis.

975 410 1055 449 Ave,
1082 409 1165 449 Iesu,
1190 410 1223 440 in
1247 416 1307 447 quo
1333 407 1434 448 stabo,

975 456 1163 487 Adiutorem
1187 458 1220 487 te
1242 453 1371 492 vocabo,

975 503 1073 541 Quam
1098 502 1140 533 sis
1165 503 1249 541 pius»,
1274 501 1439 540 enarrabo,

975 549 1014 581 In
1039 551 1201 581 aeternum
1225 550 1257 579 te
1280 548 1424 580 cantabo.

975 636 1054 675 Ave,
1081 634 1163 674 Iesu,
1190 634 1255 673 lux,
1281 633 1421 673 lucerna,

978 682 1095 713 Locum
1122 680 1185 712 Dei
1211 680 1260 722 da,
1286 680 1450 720 pincerna,

975 728 1040 766 Quo
1066 728 1131 759 sint
1152 735 1232 768 pace
1258 727 1298 759 de
1322 735 1459 766 superna

973 774 1051 806 Dies
1074 775 1162 806 mille
1185 778 1221 806 ut,
1244 774 1403 806 hesterna.

973 860 1052 899 Ave,
1079 859 1164 897 Jesu,
1193 859 1285 891 dulce
1307 867 1439 899 merum,

975 907 1034 946 Da,
1062 907 1145 946 quod
1170 908 1255 947 opto,
1280 904 1338 937 fiat
1361 914 1480 945 verum,

976 953 1021 985 Ut
1045 956 1203 993 sequatur,
1230 951 1333 985 factor
1354 961 1470 992 rerum,

975 1000 1154 1040 Longitudo
1178 1009 1229 1032 me
1255 999 1387 1033 dierum.

975 1086 1052 1125 Ave,
1078 1085 1160 1124 Iesu,
1187 1093 1275 1116 amor
1299 1085 1366 1116 veri

977 1133 1035 1165 Cui
1061 1132 1172 1163 bonum
1200 1130 1352 1172 confiteri,

975 1179 1041 1210 Fac
1065 1179 1105 1210 ab
1132 1179 1223 1210 hoste
1246 1187 1309 1209 non
1333 1179 1458 1219 terreri,

976 1225 1038 1257 Sed
1065 1226 1098 1257 in
1124 1226 1219 1257 caelis
1244 1233 1294 1256 me
1318 1225 1432 1257 videri.

974 1311 1055 1350 Ave,
1080 1311 1165 1350 Iesu,
1190 1310 1242 1350 qui
1269 1310 1415 1341 decorem

974 1357 1113 1389 Induisti
1136 1361 1210 1397 post
1233 1356 1384 1396 laborem,

974 1404 1021 1435 Te
1045 1413 1180 1444 agnosco
1207 1407 1391 1444 creatorem,

975 1450 1073 1482 Serva
1097 1454 1185 1482 tuum
1209 1451 1417 1483 laudatorem.

976 1537 1055 1576 Ave,
1080 1536 1163 1567 liber
1185 1536 1342 1567 actionum

974 1583 1085 1622 Tuque
1109 1583 1194 1614 Deus
1220 1582 1386 1623 ultionum,

976 1630 1050 1661 Iesu
1074 1629 1165 1673 bone,
1192 1629 1244 1662 fac
1268 1638 1319 1661 me
1342 1630 1469 1671 bonum,

976 1676 1047 1708 Hoc
1071 1677 1190 1716 largire
1214 1677 1292 1709 mihi
1316 1677 1441 1711 donum.

975 1763 1056 1802 Ave,
1083 1764 1197 1793 cuncta
1220 1762 1274 1800 qui
1300 1764 1424 1802 creasti,

974 1809 1107 1839 Terram
1131 1818 1226 1840 manu
1251 1810 1303 1848 qui
1329 1809 1481 1854 fundasti,

974 1856 1056 1895 Iesu,
1082 1858 1215 1887 mortem
1239 1856 1294 1895 qui
1319 1859 1452 1897 gustasti

976 1903 1039 1934 Pro
1064 1903 1202 1944 mortali,
1230 1912 1320 1942 quem
1346 1907 1469 1940 amasti.

976 1987 1055 2028 Ave,
1082 1987 1167 2029 lesu,
1195 1988 1306 2026 dignus
1331 1989 1418 2030 ludo,

977 2033 1084 2065 Omnis
1108 2034 1142 2065 in
1167 2037 1199 2065 10
1223 2035 1428 2075 pulchritudo

975 2080 1085 2119 Tuque
1109 2084 1220 2113 nostra
1243 2083 1434 2125 sanctitudo,

974 2126 1027 2158 Ex
1050 2136 1111 2166 quo
1134 2131 1246 2160 nostra
1268 2128 1435 2165 fortitudo.

977 2203 1058 2242 Ave,
1084 2203 1167 2243 Iesu,
1193 2205 1306 2244 pluens
1331 2207 1441 2250 nubes,

975 2249 1032 2287 Tu,
1061 2258 1117 2280 rex
1142 2259 1261 2291 regum,
1291 2253 1371 2284 nulli
1396 2256 1501 2299 subes,

976 2297 1013 2328 In
1039 2294 1166 2328 fervore
1189 2297 1244 2329 ubi
1270 2299 1374 2341 cubes,

975 2343 1120 2375 Monstra
1128 2345 1230 2386 nobis,
1246 2345 1295 2386 da,
1307 2348 1391 2387 quod
1400 2349 1501 2385 iubes.
