1650 2612
223 204 276 236 19.

225 605 279 636 20.

218 1004 273 1036 21.

219 1407 274 1440 22.

215 1809 268 1840 23.

209 2211 264 2242 24.

721 106 971 140 —164—

303 205 382 240 Ave,
409 203 448 235 de
472 211 533 242 qua
556 202 674 243 prodiit

344 253 456 289 potens
481 249 662 286 advocatus,

301 296 419 336 Culpae
442 296 495 336 qui
520 295 706 327 determinat

344 346 466 374 veteres
490 346 605 384 reatus,

301 389 393 422 Cuius
417 389 591 429 patrocinio

346 441 452 468 noster
476 435 629 467 incolatus

299 482 452 514 Transeat
473 483 507 512 in
531 482 660 522 gloriam

348 529 486 560 melioris
510 532 621 561 status

299 603 377 644 Ave,
403 603 491 642 virgo
516 603 611 644 regia,

343 650 451 682 mundi
475 650 636 689 luminare,

297 696 390 736 Ecce,
416 696 528 727 mentis
553 696 698 727 tenebras

345 747 457 783 potens
481 744 666 783 propulsare

299 790 365 821 Nos
390 791 422 822 in
447 792 581 821 montem
608 790 720 821 doceas

344 837 450 868 oculos
474 837 589 877 levare,

296 883 360 922 Quo
387 883 568 915 conscendit
590 883 751 915 Abraham

345 931 447 962 iussus
471 931 643 962 immolare.

298 1005 377 1045 Ave,
404 1014 483 1044 quae
504 1005 655 1036 laetitiam

341 1052 457 1083 mundo
482 1052 652 1090 contulisti,

299 1097 375 1129 Cum
398 1099 430 1129 in
454 1098 551 1130 verbo
575 1099 695 1138 gratiae

344 1145 472 1176 verbum
498 1145 641 1185 genuisti,

296 1191 354 1230 Qui
381 1200 448 1222 curn
473 1200 530 1222 nos
554 1193 751 1231 praeceperit

343 1239 384 1270 ad
408 1238 547 1270 tribunal
571 1240 650 1280 sisti,

297 1283 349 1315 Ab
375 1285 484 1316 auditu
508 1284 605 1317 faciat

343 1340 404 1363 non
429 1340 545 1371 pavere
569 1332 663 1364 tristi.

299 1405 378 1445 Ave,
402 1415 500 1447 virgo,
525 1407 680 1438 thalamus

342 1451 428 1484 facta
451 1454 563 1484 summi
590 1454 687 1485 ducis.

297 1500 381 1536 Quae
406 1500 446 1530 de
469 1501 570 1533 noctis
594 1500 732 1532 tenebris

339 1547 469 1577 miseros
495 1547 612 1587 educis,

294 1592 429 1624 Nostrae
454 1595 566 1625 mentis
590 1594 695 1625 ocules

340 1639 425 1671 leves
449 1650 468 1671 a
493 1642 628 1682 caducis.

294 1686 339 1718 Ut
361 1686 528 1718 intendant
548 1689 638 1720 radio

340 1734 549 1773 sempiternae
573 1736 661 1766 lucis.

294 1809 373 1848 Ave,
398 1809 495 1850 virgo,
521 1811 642 1850 gratiae

340 1859 439 1887 mater
463 1855 631 1896 affluentis,

292 1902 354 1933 Per
378 1912 468 1942 quam
495 1905 579 1936 cedit
601 1905 712 1944 populi

339 1949 489 1988 strepitus
515 1949 658 1992 furentis,

294 1995 395 2036 Mani,
422 2005 547 2035 quaeso,
571 1997 697 2029 fortiter

338 2043 435 2080 pedes
460 2046 587 2075 nostrae
609 2047 730 2088 mentis,

291 2087 336 2119 Ut
359 2091 530 2120 torrentem
553 2094 714 2124 transeant

339 2143 439 2174 aquae
462 2136 663 2170 vehementis,

289 2208 368 2248 Ave,
394 2219 482 2241 mons
506 2213 721 2245 sanctissimae

338 2257 569 2298 speculationis,

291 2304 329 2335 In
355 2312 414 2343 quo
438 2307 564 2337 nostrae
588 2306 651 2337 sita
675 2310 722 2339 est

336 2359 408 2392 spes
434 2353 635 2394 ascensionis,

890 416 944 446 25.

889 818 944 848 26.

884 1220 939 1252 27.

883 1624 938 1655 28.

881 2030 935 2061 29.

969 201 1000 231 A
1021 201 1139 232 carnali
1164 203 1299 242 strepitu

1017 256 1073 278 nos
1100 249 1311 280 commotionis

971 293 1150 325 Liberando
1178 293 1259 327 filios

1018 338 1071 372 fae
1094 341 1283 380 adoptionis,

969 414 1048 451 Ave,
1073 418 1175 446 mater
1198 414 1330 447 affluens

1016 462 1104 499 pacis
1128 461 1282 502 ubertate,

969 506 1070 539 Facta
1095 508 1264 540 consolatio

1015 555 1118 592 plebis
1143 556 1330 596 captivatae,

969 599 1036 631 Nos
1061 601 1101 633 ad
1126 604 1249 640 portum
1275 602 1440 640 applicans

1019 648 1106 686 pacis
1131 651 1347 688 praeoptatae.

972 694 1069 726 Plena
1092 695 1186 735 plene
1209 694 1330 735 perfrui

1016 745 1144 780 praesta
1168 741 1325 774 libertate.

969 818 1050 856 Ave,
1077 818 1186 849 domus
1211 818 1308 857 regia,

1015 872 1105 904 quam
1131 864 1312 896 aedificavit

967 910 1047 952 Rex,
1074 911 1126 951 qui
1151 912 1239 950 pacis
1264 912 1412 950 gaudium

1013 958 1129 989 mundo
1153 958 1330 994 muntiavit‚

968 1004 1036 1045 Qui,
1062 1005 1135 1036 dum
1160 1003 1252 1037 fortis
1276 1006 1359 1036 atria

1012 1050 1125 1083 fortior
1147 1052 1287 1094 intravit,

965 1097 1094 1129 Fortem
1117 1099 1219 1139 ligans
1243 1100 1346 1138 spolia

1013 1143 1104 1176 fortis
1129 1147 1315 1184 asportavit..

963 1220 1043 1259 Ave,
1069 1220 1130 1251 Dei
1155 1222 1299 1260 genetrix

1012 1270 1045 1298 et
1067 1267 1155 1307 virgo
1180 1267 1283 1309 beata,

964 1312 1118 1345 Filiorum
1142 1313 1216 1346 filiis

1011 1361 1103 1398 plene
1128 1365 1303 1401 venustata,

964 1406 1014 1438 Da
1039 1408 1151 1439 timere
1173 1407 1342 1440 Dominum

1013 1458 1118 1485 mente
1141 1456 1355 1496 tranquillata„

967 1501 1040 1532 Vias
1066 1505 1191 1533 nostras
1218 1503 1355 1543 dirigens

1011 1549 1077 1579 eius
1102 1549 1144 1580 ad
1167 1550 1326 1582 mandata.

964 1624 1043 1664 Ave,
1069 1632 1128 1663 per
1150 1634 1242 1664 quam
1266 1625 1387 1658 viribus

1010 1670 1117 1702 hostes
1143 1672 1286 1703 destituti

962 1717 1131 1750 Inbecilles
1156 1717 1234 1752 facti
1258 1722 1342 1761 sunt,

1012 1764 1132 1797 debiles
1157 1768 1188 1797 et
1212 1767 1301 1808 muti,

963 1812 1109 1851 Nostrae,
1137 1813 1234 1855 virgo,
1260 1823 1458 1855 quaesumus,

1008 1860 1156 1899 prospice
1180 1862 1286 1902 saluti,

963 1907 1010 1939 Ut
1033 1909 1145 1939 fiamus
1169 1907 1286 1948 iugiter

1012 1958 1044 1985 te
1067 1957 1177 1985 tuente
1201 1956 1273 1989 tuti.

959 2029 1039 2072 Ave,
1065 2028 1152 2060 floris
1177 2029 1293 2072 bajula,

1011 2077 1097 2108 cuius
1121 2077 1164 2107 ad
1189 2077 1319 2108 odorem

964 2123 1169 2155 Reviviscunt
1191 2123 1317 2163 mortui,

1008 2170 1134 2208 suscipe
1158 2170 1326 2201 clamorem

960 2217 1014 2249 Ad
1040 2221 1071 2248 te
1094 2216 1319 2255 suspirantium

1009 2272 1128 2303 nosque
1151 2271 1209 2302 per
1233 2263 1318 2294 hunc
1340 2263 1448 2299 florem

962 2310 1033 2342 Non
1058 2318 1175 2349 pavere
1198 2310 1298 2342 facias

1006 2357 1116 2389 mortis
1141 2357 1182 2390 ad
1207 2357 1379 2393 horrorem.
