1650 2612
649 515 700 547 ΠΙ.
729 515 915 547 Ρ331131111111
935 516 1006 547 13311

622 578 781 617 Anonymi
807 576 1033 610 cisterciensis.

590 661 729 692 Prima
764 662 1073 701 Quinquagena.

220 754 226 760 .
253 730 331 770 Ave,
359 727 440 768 Iesu,
465 727 628 758 beatorum

255 774 334 813 Spes
360 777 392 806 et
416 774 500 806 salus
525 774 720 813 miserorum,

255 820 329 853 Dux
354 823 386 852 et
409 822 462 853 via
485 823 520 851 tu
542 821 706 863 iustorum,

254 870 321 900 Iter
346 869 469 908 spernis
492 867 671 906 impiorum.

224 959 230 966 .
256 935 336 973 Ave,
363 934 483 967 candor
506 942 645 973 purgans
669 936 800 972 mentes,

255 983 293 1014 In
307 990 395 1020 quem
406 979 526 1012 frustra
534 979 670 1011 fremunt
680 983 799 1020 gentes,

254 1028 439 1060 Invidorum
463 1036 520 1058 nos
545 1027 691 1059 rodentes

255 1074 300 1106 Et
322 1074 452 1106 hostiles
477 1074 575 1105 tunde
601 1074 720 1106 dentes.

226 1165 232 1172 .
259 1142 338 1179 Ave,
364 1148 477 1171 nomen
502 1139 593 1170 dulce
617 1139 714 1178 Iesus,

256 1186 304 1218 Tu
331 1187 371 1217 de
394 1191 502 1218 monte
525 1186 607 1225 lapis
633 1194 741 1217 caesus

254 1232 300 1264 Et
323 1233 427 1264 vitalis
452 1233 564 1263 mentis
590 1240 670 1272 esus,

255 1280 308 1311 Ad
333 1282 365 1310 13
391 1280 505 1311 elamat
528 1280 620 1311 homo
645 1280 758 1311 laesus.

223 1369 230 1376 .
255 1347 336 1384 Ave,
362 1348 473 1384 portae
498 1346 576 1376 caeli
601 1345 709 1384 clavis,

258 1394 331 1424 Iesu
357 1392 457 1423 dulcis
483 1394 514 1422 et
537 1392 653 1431 suavis,

256 1439 308 1470 Ad
333 1441 366 1470 'te
390 1438 488 1470 clamo
514 1438 610 1470 corde
632 1439 746 1479 gravis,

256 1486 316 1525 Qui
332 1494 423 1525 quam
436 1487 568 1517 mortem
582 1485 676 1516 vitam
688 1487 797 1517 mavis.

223 1576 230 1583 .
256 1553 336 1590 Ave,
361 1552 443 1590 Iesu,
471 1550 571 1582 dulcis
595 1560 681 1585 sono,

256 1598 350 1630 Sume
374 1601 427 1629 tuo
452 1606 548 1636 super
572 1597 683 1630 throno

255 1645 360 1678 Verba
383 1653 463 1686 11133,
488 1654 567 1684 quae
590 1654 732 1685 propono

255 1692 387 1724 Pietatis
412 1694 485 1723 tuae
510 1692 601 1725 dono.

222 1783 228 1790 .
254 1759 335 1799 Ave,
361 1757 444 1789 salus
470 1760 596 1789 nostrae
619 1759 696 1797 spei,

254 1804 419 1844 Miserere,
444 1813 568 1844 quaeso,
595 1806 667 1845 mei,

257 1852 280 1883 Ο
307 1851 439 1883 dulcedo
464 1852 594 1891 requiei,

254 1899 302 1931 Tu
326 1907 377 1929 me
400 1907 488 1939 sana,
513 1898 613 1929 virtus
637 1898 708 1929 Dei.

221 1989 228 1996 .
254 1964 333 2003 Ave,
360 1963 446 1994 cuius
472 1971 596 2003 semper
621 1972 683 2002 ero,

253 2009 309 2042 Me
333 2011 372 2041 ab
397 2010 487 2041 hoste
511 2019 603 2042 serva
628 2009 704 2050 fero,

254 2057 300 2088 Te
322 2059 457 2088 tutorem
481 2065 583 2088 meum
609 2066 734 2097 quaem,

256 2105 293 2136 In
318 2106 360 2143 13,
382 2104 465 2142 Iesu,
491 2105 564 2143 quia
587 2112 690 2143 spero.

221 2196 228 2202 .
254 2171 333 2211 Ave,
359 2178 472 2203 nomen
496 2170 726 2209 admirandum,

255 2216 331 2250 Orbi
355 2219 421 2248 1010
446 2217 703 2256 praedicandum,

254 2266 337 2304 Iesu,
365 2264 465 2296 duleis
490 2264 531 2296 ad
556 2265 758 2307 narrandum,

254 2312 321 2343 Nos
346 2312 499 2344 accendas
524 2312 566 2343 ad
590 2311 767 2344 amandum.

895 728 926 760 9.

822 928 825 931 ¹
873 934 924 966 10.

872 1138 923 1170 11.

871 1345 924 1377 12.

951 728 1030 767 Ave,
1056 727 1128 759 Iesu
1151 726 1194 758 mi
1218 726 1364 768 benigne,

950 774 1071 805 Nomen
1096 777 1184 805 tuum
1209 774 1247 805 ob
1272 774 1396 814 insigne

952 820 1053 861 Surge
1077 821 1179 860 velox,
1206 829 1246 851 ne
1271 821 1407 860 maligne

951 867 1067 907 Surgat
1090 867 1190 901 hostis
1214 868 1247 899 in
1271 876 1329 899 nos
1356 868 1459 907 digne,

950 935 1027 975 Ave,
1055 942 1168 973 passer
1192 932 1340 975 3011113113,

952 980 1010 1019 Qui
1035 978 1217 1019 frequenter
1241 980 1413 1011 immolaris

950 1026 1054 1065 Super
1078 1027 1140 1058 tuis
1165 1027 1264 1058 sacris
1289 1027 1363 1069 aris,

950 1073 1118 1113 Nunquam
1124 1075 1227 1105 13111311
1236 1074 1471 1106 consummaris

951 1141 1029 1174 Ave,
1054 1140 1137 1178 1esu,
1163 1147 1282 1178 nosque
1306 1147 1398 1170 serva

949 1188 979 1217 A
1003 1186 1156 1225 progenie
1178 1188 1330 1225 proterva

949 1232 1069 1274 Hostis,
1095 1232 1165 1271 ipse
1190 1241 1280 1272 quem
1304 1233 1463 1264 subnerva

950 1279 1078 1318 Nosque
1100 1279 1158 1310 tibi
1186 1287 1346 1312 coacerva.

951 1346 1030 1386 Ave,
1057 1349 1165 1376 noster
1189 1345 1372 1385 advocatus,

950 1391 999 1422 Ne
1023 1392 1057 1422 in
1081 1395 1182 1423 morte
1205 1395 1372 1431 soporatus

900 1465 903 1468 .
950 1438 1046 1470 Hosti
1069 1439 1181 1470 tradar
1203 1439 1388 1479 imparatus,

870 1551 924 1584 13.

868 1759 921 1790 14.

869 1964 922 1997 15.

869 2172 921 2204 16.

949 1485 1013 1516 Per
1036 1487 1069 1516 13
1094 1494 1219 1527 surgam
1245 1486 1409 1520 excitatus,

950 1552 1029 1590 Ave,
1055 1551 1138 1585 Iesu,
1164 1553 1268 1582 rector
1292 1561 1425 1593 morum,

950 1598 1147 1629 Distributor
1170 1599 1363 1641 meritorum,

949 1645 998 1676 Tu
1024 1644 1181 1677 defectum
1205 1646 1381 1679 studiorum

949 1691 1078 1733 Supple,
1104 1701 1219 1732 quaeso
1245 1696 1289 1734 13,
1314 1703 1464 1727 nieorum.

948 1760 1027 1799 Ave,
1052 1759 1135 1798 Iesu,
1164 1758 1264 1790 duleis
1288 1762 1384 1801 totus,

949 1806 1011 1837 Per
1034 1808 1067 1836 te
1090 1804 1148 1836 sim
1174 1806 1207 1837 iu
1231 1810 1333 1838 morte
1354 1810 1448 1839 notus

949 1852 1015 1883 Tuo
1042 1854 1164 1891 sancto,
1190 1861 1250 1892 quo
1276 1858 1438 1892 promotus

949 1898 1049 1930 Sanus
1074 1898 1146 1930 fiam
1171 1908 1255 1931 nune
1280 1905 1437 1941 aegrotus

948 1965 1027 2004 Ave,
1054 1967 1089 1995 tu
1112 1965 1273 1997 sollemnis
1298 1964 1391 2009 festu,

948 2011 996 2043 Tu
1017 2012 1158 2043 solamen
1182 2021 1214 2043 33
1238 2012 1272 2044 111
1296 2019 1428 2053 maestu,

951 2058 1060 2090 Carnis
1086 2067 1179 2091 serva
1201 2068 1253 2090 me
1276 2061 1316 2093 ab
1342 2066 1441 2105 aestu,

948 2106 1026 2145 Quia
1049 2105 1136 2137 Deus
1160 2116 1248 2138 meus
1274 2117 1306 2139 33
1332 2112 1376 2143 111.

948 2172 1027 2212 Ave,
1052 2172 1136 2210 Iesu,
1163 2174 1210 2204 vis
1237 2173 1354 2215 divina,

948 2220 1067 2251 Aurem
1088 2222 1173 2250 tuam
1198 2221 1261 2252 huo
1280 2222 1407 2266 inclina,

949 2266 994 2297 Ut
1016 2275 1067 2297 me
1092 2275 1198 2298 serves
1222 2276 1242 2298 a
1267 2268 1369 2309 ruina,

948 2313 997 2345 Tu
1020 2314 1126 2345 vitalis
1152 2315 1318 2348 medicina.
