1650 2612
505 552 541 583 V.
583 551 770 583 Psalterium
791 551 826 581 de
847 551 881 581 D.
902 551 934 581 N.
955 551 1025 582 Iesu
1045 549 1163 582 Christo

541 613 670 643 auctore
694 611 887 650 Hieronymo
914 610 954 642 de
977 610 1127 643 Werdea.

599 733 734 765 Prima
760 732 1070 772 Quinquagena.

226 832 232 839 .
260 809 341 846 Iesu,
369 809 409 839 da
433 808 516 846 quod
543 807 681 839 canimus

304 856 337 886 in
362 853 502 896 psalmis,
527 858 564 884 ut
587 863 764 894 sequamur,

258 901 307 932 Ne
331 902 370 932 ab
395 899 568 932 infidelium

306 956 413 979 errore
437 948 633 987 seducamur,

257 994 338 1026 Nam
363 993 457 1033 primi
480 1003 536 1025 nos
561 995 694 1026 materia

305 1041 418 1080 psalmi
442 1040 489 1070 sic
512 1039 704 1081 informavit,

256 1088 341 1126 Quae
364 1088 435 1118 aliis
459 1089 495 1117 ut
517 1088 681 1127 prologum

304 1134 427 1165 Esdras
454 1133 500 1164 sic
524 1134 697 1173 adaptavit.

227 1235 233 1241 .
257 1209 338 1248 Iesu,
365 1208 417 1247 qui
440 1215 499 1246 per
523 1216 557 1238 os
579 1209 684 1240 David

306 1255 382 1286 olim
405 1254 558 1293 cecinisti,

264 1301 327 1333 Cur
350 1305 458 1341 gentes
483 1299 701 1331 fremuerunt?

306 1351 337 1379 et
361 1347 451 1379 nobis
475 1347 660 1386 subvenisti,

260 1394 360 1426 Tuam
384 1403 442 1434 per
465 1395 643 1433 passionem

306 1451 324 1472 a
348 1440 478 1481 paganis
502 1443 534 1471 et
555 1440 646 1472 malis

261 1487 448 1519 Hominibus
472 1496 528 1518 nos
552 1487 690 1518 liberans

306 1537 437 1575 protege
459 1534 517 1565 sub
543 1534 612 1566 alis.

227 1635 233 1641 .
254 1610 336 1650 Iesu,
363 1615 413 1649 qui
439 1611 579 1640 sanctum
606 1609 709 1641 David

305 1656 448 1687 illaesum
473 1656 693 1696 praeservasti,

258 1704 287 1734 A
312 1701 394 1734 facie
418 1702 490 1733 dum
514 1702 657 1734 Absalon

307 1748 397 1790 fugit,
423 1749 577 1787 liberasti,

260 1796 309 1828 Ne
333 1806 389 1828 nos
415 1795 454 1829 ab
479 1796 667 1837 hominibus,

307 1844 360 1883 qui
384 1843 547 1883 tribulant,
572 1845 681 1875 vexari

259 1890 327 1921 Nec
350 1891 435 1922 sinas
459 1899 479 1921 a
504 1890 717 1930 daemonibus,

306 1937 359 1976 qui
381 1939 547 1976 temptant,
573 1938 727 1976 superari.

227 2038 233 2045 .
259 2012 341 2051 Iesu,
370 2012 424 2051 qui
447 2011 550 2042 salvas
575 2011 691 2050 David,

308 2059 381 2090 dum
404 2059 437 2089 in
461 2057 588 2088 modum
612 2067 744 2090 coronae

261 2106 336 2138 Saul
361 2108 391 2136 et
416 2104 572 2135 exercitus

306 2152 390 2183 hunc
415 2151 553 2191 cingunt,
579 2151 652 2182 Iesu
675 2151 767 2191 bone,

261 2199 350 2231 Sicut
375 2199 403 2230 ei
426 2197 580 2231 laetitiam

305 2249 381 2277 tunc
406 2245 549 2287 dederas,
575 2245 621 2276 sic
646 2245 737 2286 dona,

262 2294 309 2326 Ut
332 2302 415 2325 nunc
439 2294 471 2322 et
495 2292 575 2324 omni
603 2294 744 2331 tempore

307 2349 386 2380 pace
410 2338 551 2370 fruamur
575 2338 666 2372 bona.

874 807 904 839 5.
930 807 1013 844 Iesu,
1039 806 1092 845 qui
1118 804 1298 836 cantoribus

972 852 1164 891 psalmorum
1190 852 1388 894 praestitisti,

930 899 1019 937 Quod
1045 907 1097 930 eos
1122 900 1177 929 tua
1200 898 1303 937 gratia

978 945 1114 977 victores
1140 944 1281 984 effecisti,

931 993 1008 1033 Nos,
1036 993 1109 1024 dum
1134 992 1272 1030 psalmos
1298 992 1449 1032 canimus,

978 1039 1093 1070 exaudi
1117 1039 1343 1078 supplicantes,

932 1087 993 1118 Pro
1019 1085 1154 1117 hostium
1178 1085 1312 1117 victoria

980 1133 1092 1164 devote
1116 1134 1147 1162 te
1171 1134 1329 1171 rogantes,

896 1233 902 1239 .
929 1208 1011 1247 Iesu,
1037 1207 1089 1245 qui
1113 1205 1206 1244 punis
1229 1206 1335 1238 David

977 1253 1128 1293 populum
1153 1255 1332 1283 censentem

932 1299 976 1330 Et
999 1298 1248 1331 misericorditer

978 1349 1125 1385 acceptas
1150 1347 1373 1386 paenitentem,

931 1393 1018 1424 Tuae
1042 1393 1131 1424 nobis
1156 1393 1277 1432 gratiae

979 1440 1061 1471 dona
1083 1440 1274 1479 largitatem,

931 1487 1048 1518 Delens
1071 1494 1130 1526 per
1153 1487 1379 1525 paenitentiam

977 1536 1116 1565 nostram
1140 1533 1342 1572 pravitatem.

898 1634 905 1640 .
930 1608 1013 1649 Iesu,
1042 1608 1096 1648 qui
1119 1607 1225 1647 parcis
1248 1608 1366 1649 David,

978 1655 1062 1694 quod
1085 1656 1267 1694 ignoranter
1289 1659 1412 1696 peccat,

930 1701 1014 1733 Dum
1038 1701 1147 1734 Doech
1169 1702 1257 1733 iussu
1282 1702 1385 1734 Saulis

979 1750 1160 1781 sacerdotes
1185 1751 1288 1788 necat,

936 1797 1036 1829 Parce
1060 1794 1162 1835 nobis,
1187 1795 1331 1838 Domine,

979 1843 1033 1882 qui
1056 1842 1239 1882 ignoranter
1260 1844 1392 1875 multum

930 1891 1100 1922 Peccamus
1125 1888 1194 1920 sine
1217 1899 1358 1931 numero,

978 1937 1038 1968 hoe
1062 1938 1206 1967 transeat
1229 1937 1375 1971 inultum.

900 2035 908 2043 .
933 2012 1015 2050 Iesu,
1042 2010 1095 2050 qui
1119 2011 1262 2043 meruisti

979 2066 1038 2097 per
1061 2060 1147 2089 tuam
1169 2059 1348 2097 passionem

932 2106 1087 2138 Coronam
1110 2106 1143 2134 et
1166 2104 1298 2144 gloriam

979 2153 1012 2182 et
1035 2150 1268 2192 exaltationem,

931 2198 1031 2230 Nobis
1056 2197 1242 2237 patientiam

977 2247 1009 2276 et
1032 2245 1095 2276 alia
1121 2245 1275 2286 condona,

932 2293 995 2324 Per
1019 2301 1099 2331 quae
1123 2292 1212 2332 regni
1236 2295 1383 2333 perpetui

979 2339 1152 2378 acquiritur
1177 2347 1303 2373 corona.
