1650 2612
223 210 277 242 14.

222 611 275 643 15.

225 1014 279 1048 16.

230 1417 283 1449 17.

228 1822 282 1854 18.

233 2224 286 2256 19.

724 111 980 145 —224—

304 209 405 248 Salve,
432 209 531 250 virgo,
559 209 598 240 de
622 216 683 246 qua
705 206 792 237 Deus

351 258 492 287 nostrum
510 254 642 294 sumpsit
655 253 821 292 hominem,

305 303 398 334 Suam
422 311 480 343 per
504 311 560 333 nos
585 299 790 332 deformatam

350 347 525 380 reformans
548 348 724 387 imaginem,

307 395 363 433 Qui
389 398 566 435 assumptus
590 395 621 425 111
648 395 807 424 aeternam

351 442 439 473 verbi
465 441 691 481 plenitudinem

303 488 395 520 Suam
420 489 510 520 nobis
535 491 642 519 noster
666 487 756 518 homo

350 536 404 567 det
427 535 664 567 beatitudinem.

303 611 406 650 Salve,
417 620 475 651 per
484 620 575 650 quam
587 610 729 642 Christus
738 616 824 639 mare

350 658 504 689 convertit
527 658 558 689 in
584 657 716 696 aridam,

303 706 380 737 Cum
404 708 547 737 naturam
571 706 698 735 nostrae
721 702 824 733 carnis

350 752 382 782 in
407 761 441 783 se
465 751 542 783 fecit
565 751 709 789 solidam,

304 800 364 831 Per
388 799 514 830 latentis
540 798 622 829 vitae
645 796 759 828 flumen

351 847 435 877 tutus
460 845 516 877 fiat
539 845 699 884 transitus,

306 893 352 924 Ut
375 892 416 923 ad
441 901 548 925 verum
573 900 631 931 per
654 895 687 922 te
709 891 814 921 lumen

349 939 429 971 liber
454 942 505 970 eat
527 938 667 978 spiritus,

308 1014 413 1055 Salve,
438 1017 524 1045 terra
546 1023 608 1045 non
632 1015 730 1051 arata,

353 1064 440 1093 terra
463 1070 525 1092 non
550 1060 689 1101 arabilis,

303 1108 403 1139 Terra
437 1108 519 1140 vitae
548 1106 683 1138 fructum
708 1105 824 1147 ferens,

355 1155 423 1185 sine
448 1155 516 1186 viro
542 1153 666 1193 fertilis,

309 1201 370 1232 Per
394 1204 426 1232 te
449 1201 535 1233 Deus
562 1201 678 1231 vultum
703 1209 792 1231 suum

351 1256 446 1287 super
468 1257 524 1279 nos
547 1247 712 1289 illuminet,

306 1296 350 1328 Ut
374 1295 517 1326 internae
544 1293 703 1325 caecitatis

354 1342 500 1373 tenebras
526 1341 673 1371 eliminet.

310 1416 411 1452 Salve,
440 1417 479 1448 de
503 1425 565 1455 qua
588 1415 689 1446 victor
712 1420 804 1446 natus

354 1464 463 1494 mortis
487 1461 596 1493 fractis
620 1462 741 1501 legibus

311 1509 481 1548 captivans
508 1509 720 1548 captivitatem

356 1557 438 1588 dona
463 1557 517 1588 dat,
541 1556 725 1595 hominibus,

309 1603 361 1635 Sic
386 1604 560 1635 ascendens
586 1603 797 1641 triumphator

354 1654 465 1690 regnat
489 1651 522 1681 in
549 1649 745 1688 caelestibus,

309 1697 491 1736 Captivatos
515 1700 588 1736 post
611 1705 646 1727 se
670 1697 797 1727 trahens

356 1744 434 1776 caeli
458 1745 568 1784 iungat
591 1744 721 1775 civibus.

307 1819 400 1851 Salve
437 1829 495 1860 per
514 1829 606 1860 quam
623 1829 679 1851 nos
696 1819 832 1851 salvavit

356 1867 490 1906 solvens,
517 1876 596 1907 quae
620 1876 682 1898 non
704 1867 818 1905 rapuit,

310 1914 447 1945 Mortem
465 1913 579 1954 ferens,
599 1914 651 1953 qui
668 1914 713 1944 nil
726 1914 829 1951 morti,

357 1961 436 1992 nihil
462 1962 572 2000 culpae
598 1961 717 1999 debuit,

312 2007 378 2038 Nos
403 2016 461 2045 pro
483 2007 574 2039 nobis
597 2016 708 2046 passus
733 2007 855 2046 gratis.

358 2063 377 2084 a
401 2055 562 2093 culparum
590 2054 705 2085 debitis

311 2100 419 2131 Salvet
437 2101 581 2134 Christus
607 2104 636 2131 et
662 2100 815 2141 absolvat,

359 2147 456 2187 virgo,
484 2148 546 2178 tuis
571 2147 703 2180 meritis.

313 2222 416 2263 Salve,
442 2225 553 2263 mater,
581 2222 620 2253 de
644 2231 705 2261 qua
728 2224 819 2253 natus

363 2269 467 2300 carnis
491 2278 551 2308 per
576 2269 763 2300 consortium

311 2317 349 2348 In
374 2316 542 2348 humanum
567 2315 729 2348 festinavit

359 2363 445 2395 Deus
470 2363 668 2403 adiutorium,

894 420 948 452 20.

895 823 949 854 21.

897 1227 951 1259 22.

976 206 1061 243 Iuva,
1087 205 1169 242 Iesu,
1196 206 1228 235 et
1250 203 1284 234 in
1309 204 1362 232 tuo

1021 259 1077 281 nos
1103 258 1291 283 conservans
1315 246 1442 279 nomine

975 297 1142 328 Liberator
1167 299 1274 328 noster
1299 297 1377 333 esto,

1023 351 1063 374 ne
1086 343 1229 384 moreris,
1256 340 1400 373 Domine.

976 418 1079 457 Salve,
1105 420 1216 456 mater,
1243 425 1315 456 spes
1340 414 1460 453 salutis,

1020 464 1089 495 13115
1114 465 1146 496 111
1171 468 1203 495 te
1227 462 1430 503 sperantium,

976 511 1025 543 Sit
1048 512 1080 542 in
1105 512 1205 543 Deum
1230 512 1452 550 protectorem,

1023 567 1114 598 quem
1137 558 1270 598 portasti
1296 556 1402 598 filium,

977 606 1027 638 Ne
1052 605 1228 637 confundar
1251 605 1284 636 111
1302 607 1463 636 aeternum

1021 653 1054 684 in
1079 654 1111 684 te
1136 662 1276 692 sperans,
1303 650 1437 691 domina,

977 700 1028 732 Ad
1052 702 1085 731 te
1109 701 1162 739 pie
1186 698 1373 738 suspirantis

1023 748 1136 779 exaudi
1158 746 1349 786 precamina.

973 822 1077 860 Salve,
1110 823 1221 862 vellus,
1248 821 1330 861 quod
1356 820 1500 861 perfudit

1022 878 1074 900 ros
1100 869 1245 901 caelestis
1270 868 1400 908 gratiae,

975 916 1012 948 In
1039 918 1079 955 te,
1105 917 1202 958 virgo,
1231 924 1298 946 cum
1326 915 1491 946 descendit,

1021 962 1151 995 verbum
1175 963 1276 994 instar
1304 962 1440 1002 pluviae,

975 1010 1040 1041 Per
1064 1013 1204 1041 exortam
1227 1009 1260 1040 in
1287 1008 1396 1040 diebus

1020 1056 1104 1088 illius
1128 1056 1280 1088 iustitiam

977 1102 1204 1143 Sempiternam
1229 1102 1320 1134 nobis
1347 1103 1443 1133 donet,

1023 1150 1110 1189 pacis
1136 1150 1371 1183 abundantiam.

976 1226 1079 1262 Salve,
1105 1234 1163 1264 per
1188 1234 1279 1265 quam
1305 1225 1346 1256 ad
1370 1224 1502 1255 salutem

1024 1272 1122 1303 bonus
1147 1272 1233 1303 Deus
1258 1271 1369 1310 Israel,

978 1320 1055 1351 Cum
1072 1319 1131 1357 his,
1152 1319 1204 1358 qui
1222 1322 1295 1349 sunt
1303 1321 1389 1349 recto
1405 1319 1502 1349 corde

1025 1365 1127 1397 factus
1153 1368 1200 1397 est
1224 1365 1387 1406 Emanuel,

978 1414 1087 1445 Firma
1111 1413 1219 1452 pedes,
1246 1421 1370 1452 gressus
1397 1421 1481 1452 rege,

1025 1468 1066 1490 ne
1089 1460 1198 1491 labens
1224 1459 1404 1499 absorbeat,

981 1507 1185 1539 Peccatorum
1210 1507 1315 1538 zelans
1341 1515 1451 1545 pacem

1026 1554 1085 1584 etsi
1110 1558 1213 1585 mente
1237 1562 1376 1586 movear.

947 1657 952 1663 .
979 1629 1083 1666 Salve,
1103 1638 1160 1669 per
1176 1638 1269 1669 quam
1287 1638 1342 1660 nos
1357 1638 1412 1660 rex
1429 1630 1509 1661 caeli

1026 1676 1159 1708 visit-ans
1184 1677 1216 1707 in
1239 1675 1305 1707 filio

979 1724 1135 1763 operatus
1161 1727 1209 1755 est
1232 1724 1366 1755 salutem

1026 1771 1059 1801 in
1084 1772 1240 1803 terrarum
1266 1771 1380 1810 medio,

980 1818 1090 1850 Nostri
1116 1827 1234 1850 memor
1258 1827 1317 1849 nec
1340 1818 1373 1849 111
1397 1817 1494 1850 finem

1028 1874 1085 1896 nos
1110 1866 1269 1906 repellens
1293 1865 1447 1897 Dominus

983 1913 1072 1945 Pium
1098 1914 1179 1944 votis
1206 1913 1261 1944 det
1288 1912 1432 1944 effectum

1029 1960 1132 1991 factus
1160 1960 1229 2000 spei
1252 1960 1416 1993 terminuS.

905 2041 909 2050 ¹
952 2062 958 2068 .
985 2036 1089 2075 Salve.
1115 2037 1214 2076 virgo,
1241 2044 1393 2066 summum
1419 2036 1512 2068 nobis

1031 2084 1158 2122 pariens
1184 2080 1376 2121 pontificem,

986 2128 1191 2161 Deferentem
1217 2128 1284 2159 vini
1307 2129 1388 2159 meri

1033 2177 1160 2215 plenum
1186 2175 1283 2206 mixto
1309 2175 1451 2220 calicem,

986 2223 1037 2255 Ex
1061 2223 1121 2255 hoc
1146 2225 1178 2253 et,
1200 2223 1234 2253 111
1257 2222 1318 2253 1100
1342 2221 1485 2264 inclinat,

1035 2270 1108 2302 dum
1132 2269 1283 2309 propinat
1307 2270 1462 2314 omnibus,

989 2317 1156 2356 Nunquam
1182 2315 1265 2347 desit
1289 2315 1457 2355 plenitudo

1033 2365 1154 2404 gratiae
1177 2362 1335 2395 fidelibus.
