1650 2612
211 180 266 212 41,
291 179 371 217 Ave,
399 179 484 210 cuius
509 177 592 210 filius

341 226 443 257 medio
468 224 635 264 pendebat,

292 274 383 306 Unus
411 281 449 303 ex
474 271 648 303 latronibus

339 327 429 359 quem
455 317 680 358 vilipendebat,

294 366 391 404 Quam
417 374 560 404 magnum
584 364 734 396 iudicium

343 411 485 444 Christus
515 411 710 451 ostendebat,

294 458 369 490 Cum
394 467 487 490 unum
515 456 650 499 deificat,

339 505 435 537 alium
460 504 639 544 spernebat.

215 583 271 613 42.
296 581 376 622 Ave,
404 580 490 611 cuius
514 579 598 611 filius

342 628 374 658 in
402 635 493 658 cruce
516 626 684 666 pendebat,

299 674 444 706 Sanctam
467 682 590 713 precem
616 673 750 704 Domino

341 720 444 752 nudus
469 719 628 760 offerebat,

296 766 391 799 Suum
415 769 557 798 sanctum
581 766 761 806 sanguinem

341 823 399 853 pro
423 814 513 845 nobis
538 813 700 852 fundebat,

293 862 385 900 Aqua
408 859 637 892 ferventissima

340 908 490 939 mundum
515 907 666 939 diluebat.

215 984 270 1017 43.
296 983 375 1023 Ave,
401 982 547 1022 princeps
573 981 711 1013 Sabaoth

343 1029 470 1061 veniens
496 1029 536 1060 ad
561 1029 689 1067 bellum,

297 1076 391 1116 Signo
418 1075 517 1106 crucis
542 1084 635 1107 aureo

351 1123 486 1153 destruis
508 1121 676 1163 infernum,

301 1169 359 1209 Da,
385 1177 539 1209 rogamus,
566 1169 700 1208 domina,

343 1216 390 1246 sic
414 1215 510 1246 robur
533 1216 700 1254 internum,

299 1261 364 1299 Quo
390 1264 424 1292 tu
447 1261 537 1293 nobis
562 1260 704 1293 conferas

348 1317 476 1348 regnum
501 1309 734 1348 sempiternum.

223 1385 278 1417 44.
303 1383 382 1424 Ave,
407 1382 467 1414 Dei
491 1384 642 1425 genetrix,

349 1438 440 1469 quam
465 1430 518 1461 hic
543 1430 696 1471 exaltabo,

298 1477 399 1508 Tuum
423 1480 564 1508 sanctum
588 1475 685 1508 filium

345 1532 428 1554 nuno
446 1523 663 1564 magnificabo,

299 1569 400 1610 Regni
424 1571 470 1601 tui
492 1571 622 1609 gloriam

348 1626 403 1657 ego
429 1617 605 1659 suspirabo,

301 1664 347 1696 Ut
370 1663 412 1695 ad
437 1668 469 1695 te
493 1664 682 1706 perveniam,

347 1711 470 1750 quando
493 1711 566 1742 hinc
590 1711 740 1751 migrabo.

217 1788 272 1819 45.
298 1787 377 1827 Ave,
403 1786 502 1826 virgo,
530 1787 630 1818 exitus

346 1832 424 1864 felix
447 1842 486 1864 ex
510 1833 569 1865 hoe
592 1835 719 1873 munde,

298 1880 449 1912 Exiturus
474 1880 567 1912 etiam

346 1928 414 1967 pios
440 1926 532 1959 fletus
558 1927 668 1967 fundo,

299 1974 344 2006 Ut
368 1974 408 2006 ad
433 1978 465 2005 te
488 1975 668 2014 perveniam

344 2020 446 2053 animo
471 2023 617 2061 iucundO,

299 2067 361 2099 Per
386 2071 418 2099 te
443 2068 543 2100 Deum
569 2069 692 2100 videam

345 2115 429 2148 facto
456 2116 551 2148 corde
575 2117 700 2148 mundo.

811 83 880 118 252
926 103 973 108 —-

886 179 943 211 46.
967 177 1046 214 Ave,
1073 176 1134 209 Dei
1158 176 1310 216 genetrix,

885 580 941 611 47.

884 982 939 1014 48.

888 1384 944 1416 49.

892 1788 946 1820 50.

1009 224 1042 254 in
1066 223 1196 263 psalmis
1221 222 1356 262 probata

963 269 1007 302 Et
1030 270 1062 301 in
1087 269 1148 300 Dei
1172 270 1318 301 laudibus

1010 317 1141 347 multum
1168 318 1325 353 decorata,

965 364 1027 396 Per
1050 366 1082 394 te
1108 363 1204 394 corda
1228 363 1377 402 languida

1012 418 1137 449 semper
1160 412 1234 441 sunt
1257 413 1369 441 sanata

966 456 1010 488 Et
1034 457 1185 488 virtutum
1209 456 1316 488 sidera

1012 503 1103 535 nobis
1126 506 1299 535 numerata.

965 580 1044 617 Ave,
1070 577 1132 610 Dei
1155 579 1268 622 baiula,

1013 634 1093 665 quae
1116 625 1184 657 Deo
1210 625 1359 658 cantabas

966 673 1107 704 Alleluia
1129 671 1275 704 floridum

1011 719 1045 750 in
1070 727 1123 751 ore
1148 720 1307 759 portabas,

966 766 1018 798 Ad
1042 766 1235 798 laudandum
1259 767 1427 798 Dominum

1012 813 1114 844 omnia
1138 813 1284 853 vocabas,

966 860 1020 891 Me
1043 859 1206 900 indignum
1231 861 1389 893 servulum

1011 907 1054 938 ad
1077 907 1137 938 hoc
1159 908 1328 939 invitabas

966 983 1045 1020 Ave,
1071 990 1150 1021 quae
1173 983 1205 1013 in
1230 982 1378 1014 laudibus

1013 1029 1133 1060 obtines
1158 1029 1337 1068 primatum,

968 1075 1048 1114 Quia
1072 1084 1167 1114 super
1192 1076 1295 1108 omnia

1013 1130 1121 1154 servas
1148 1122 1346 1163 caelibatum,

968 1168 1019 1200 Ex
1043 1171 1076 1199 te
1099 1170 1213 1201 mundo
1238 1168 1404 1208 proferens

1016 1215 1120 1246 lumen
1144 1216 1327 1256 increatum,

972 1262 1061 1300 Quod
1084 1263 1281 1295 transcendit
1305 1264 1408 1294 omnia

1016 1318 1099 1340 nunc
1123 1308 1338 1341 clarificatum.

972 1386 1049 1422 Ave,
1075 1384 1137 1416 Dei
1160 1385 1313 1424 genetrix,

1016 1430 1097 1462 lucis
1120 1431 1310 1473 philomena,

972 1477 1106 1509 Cantans
1131 1486 1228 1517 supra
1252 1478 1431 1518 Cherubim,

1018 1524 1137 1556 deitate
1160 1526 1266 1565 plena,

971 1570 1020 1604 Sis
1044 1571 1135 1603 uobis
1159 1572 1308 1613 propitia,

1014 1622 1116 1649 mater
1138 1621 1202 1650 tam
1227 1628 1368 1662 amoena,

968 1665 1022 1697 Ad
1046 1675 1096 1697 me
1120 1670 1225 1697 vertas
1251 1667 1357 1698 oculos

1015 1711 1097 1743 facie
1121 1721 1242 1745 serena.

971 1789 1049 1827 Ave,
1075 1788 1164 1828 virgo
1188 1788 1325 1821 iubilans

1016 1835 1051 1865 in
1074 1837 1263 1867 aeternitate

972 1882 1048 1914 Cum
1073 1883 1196 1922 hymnis
1223 1888 1254 1914 et
1279 1884 1410 1917 canticis

1018 1929 1057 1961 de
1083 1929 1259 1974 divinitate,

970 1977 1014 2008 Et
1035 1985 1104 2008 cum
1128 1978 1245 2009 sanctis
1270 1979 1413 2011 omnibus

1015 2021 1130 2063 flagras
1155 2025 1288 2057 caritate

970 2070 1014 2102 Et
1038 2071 1250 2103 inaccessibili

1018 2121 1082 2149 stas
1108 2117 1268 2152 felicitate.

281 2227 360 2254 Orat.
380 2235 432 2254 ms.
455 2227 484 2255 S.
505 2227 642 2255 Germani
662 2237 680 2255 a
697 2228 794 2257 Pratis
815 2238 889 2257 saec.
910 2228 982 2257 ¹⁵lie.
1018 2230 1087 2258 Cod.
1107 2230 1233 2258 Parisin.
1257 2229 1362 2259 14156.

280 2261 302 2293 I.
332 2263 357 2299 2,
378 2263 394 2292 5
420 2273 463 2300 sq.
488 2266 572 2293 vobis
605 2267 726 2300 primam
752 2269 841 2303 genui
865 2269 1027 2295 veritatem.
1055 2283 1089 2287 —-
1118 2265 1143 2300 2,
1169 2267 1185 2294 7
1214 2270 1262 2296 ein
1280 2269 1367 2297 Wort
1387 2272 1496 2309 infolge

205 2303 381 2339 Verletzung
400 2302 450 2330 der
470 2303 523 2331 Hs.
542 2304 728 2332 unleserlich.
748 2319 784 2323 —-
805 2303 830 2340 9,
851 2304 868 2332 5
888 2305 1036 2333 miracula.
1058 2321 1095 2325 ——
1114 2303 1140 2338 9,
1160 2305 1177 2332 7
1201 2305 1258 2338 Qui
1278 2315 1341 2335 nos.
1359 2323 1396 2328 —-
1413 2308 1455 2345 12,
1478 2309 1496 2339 3

204 2339 363 2376 usquequo
384 2344 417 2368 tu
435 2341 553 2369 deseris.
573 2355 611 2360 —-
631 2340 676 2375 16,
696 2339 713 2369 3
734 2350 837 2370 aurum
856 2343 1009 2380 dreisilbig
1032 2343 1100 2371 oder
1119 2343 1333 2373 versehrieben.
1352 2361 1391 2366 —
1412 2346 1456 2381 17,
1480 2348 1496 2376 1
