1650 2612
700 96 929 132 -14—

180 191 233 224 19.
259 192 338 231 Ave,
365 191 534 224 sacerdotii

305 237 377 269 finis
402 237 552 279 figuralis,

257 285 295 317 In
321 294 381 324 (1113
404 284 498 317 finem
523 289 651 325 ceperat

306 331 413 363 unctio
437 332 563 372 regalis,

260 380 323 411 Per
347 381 379 409 te
403 388 460 411 rex
487 381 519 410 et
541 376 685 418 pontifex

308 425 450 457 Christus
476 424 644 457 aeternalis

258 472 379 511 Regum
404 476 436 503 et
456 470 639 511 pontificum

304 519 390 549 salus
414 519 456 550 sit
478 517 593 550 finalis.

175 592 229 625 20.
255 594 334 632 Ave,
361 602 440 632 quae
466 593 639 625 dominicae

302 640 412 671 mortis
436 641 582 680 passione

256 686 391 719 Divinae
413 696 470 718 nos
494 687 606 718 inseris

303 733 427 772 lapides
454 742 596 773 coronae,

254 780 307 811 Ab
332 780 472 812 ardentis
498 780 613 812 clibani

303 835 431 858 servans
456 827 578 858 ustione

256 873 319 905 Sua
343 882 399 905 nos
424 873 579 914 glorificet

302 920 447 952 Christus
472 921 602 953 visione.

176 995 230 1027 21.
260 999 337 1036 Ave,
365 1004 440 1027 crux
477 1005 538 1035 qua
562 996 692 1035 singulis

300 1041 449 1074 membris
475 1043 629 1074 cruciatus

256 1088 397 1120 Christus
421 1090 495 1120 tulit
519 1089 654 1121 omniurn

299 1135 508 1168 membrorum
532 1139 647 1176 reatus,

253 1182 389 1222 Flagris,
415 1183 525 1222 sputis,
553 1183 704 1226 colaphis,

301 1229 397 1261 clavis
422 1230 603 1262 vulneratus

254 1275 374 1307 Cuncta
396 1279 483 1308 curet
507 1277 637 1308 vulnera

298 1323 398 1354 nostri
424 1324 585 1363 cogitatus.

172 1399 226 1430 22.
253 1400 332 1438 Ave,
358 1398 447 1438 virga
470 1399 599 1430 noxium

298 1445 455 1484 perimens
478 1448 664 1486 serpentem,

250 1492 396 1532 Baculus,
423 1502 483 1532 quo
508 1491 634 1523 transiit

297 1538 397 1570 Israel
420 1542 600 1577 torrentem,

253 1585 351 1624 Virga
372 1585 417 1617 sis
443 1589 475 1617 et
498 1586 627 1617 baculus

298 1640 419 1664 omnem
442 1641 553 1673 regens
577 1634 708 1672 gentem,

249 1680 347 1719 Virga
370 1682 460 1720 regat
485 1679 620 1711 debilem

295 1726 424 1758 baculus
450 1729 619 1766 potentem.

169 1804 224 1835 23.
248 1803 330 1844 Ave,
354 1803 455 1834 nostri
477 1802 584 1842 gaudii

296 1852 390 1889 porta
413 1849 624 1888 triumphalis,

251 1897 313 1928 Per
337 1905 428 1935 (133111
448 1904 519 1927 5013
543 1895 667 1927 tollitur

295 1945 406 1982 port-ae
428 1942 619 1984 gehennalis,

249 1991 311 2021 Per
335 1992 368 2019 te
391 1989 481 2021 nobis
507 1988 627 2019 aditum

293 2036 415 2075 pandat
438 2035 616 2075 aeternalis,

248 2083 346 2123 Plaga
370 2081 456 2114 facta
479 2082 608 2115 Domini

294 2130 394 2161 latere
417 2129 531 2161 letalis.

166 2206 221 2238 24.
246 2206 326 2245 Ave,
352 2213 414 2243 qua
438 2204 587 2236 sustinuit

294 2251 435 2283 carnales
461 2250 612 2292 defectus,

246 2297 287 2331 In
312 2306 406 2329 carne
430 2298 484 2338 qui
505 2298 616 2329 similis

293 2345 382 2377 nobis
407 2348 455 2377 est
479 2344 615 2383 effectus,

852 407 907 439 25.

847 809 903 840 26.

842 1213 897 1245 27.

842 1614 898 1647 28.

840 2019 895 2050 29.

933 192 1051 233 Legem
1077 194 1330 233 delinquentibus

981 240 1080 272 dulcis
1107 241 1162 272 det
1185 245 1218 271 et
1240 243 1356 282 rectus,

932 286 1017 324 Quae
1042 287 1160 319 delicta
1186 287 1296 327 diluat,

982 334 1098 373 dirigat
1121 333 1261 367 affectus.

932 407 1012 447 Ave,
1037 416 1096 448 per
1121 416 1213 447 (111331
1237 409 1387 440 innocens

981 454 1075 486 caelis
1102 457 1150 485 est
1174 462 1348 494 regressuS‚

932 500 1122 532 Innocenter
1145 504 1268 532 uterum

979 547 1108 586 virginis
1132 547 1303 586 ingressus,

932 593 1085 625 Innocens
1109 594 1288 625 nocentium

977 649 1129 680 superans
1156 649 1350 681 congressuS‚

930 686 1030 719 Nobis
1053 687 1252 719 innocentiae

976 734 1097 765 tribuat
1119 742 1315 774 progressus,

928 808 1007 852 Ave,
1034 809 1155 848 signum
1180 808 1308 848 gloriae,

975 856 1097 895 signum
1119 855 1199 886 lucis
1224 864 1330 895 verae,

925 901 963 933 111
987 911 1047 942 quo
1072 901 1154 933 bona
1177 901 1305 933 Domini

975 949 1131 980 credimus
1156 948 1276 989 videre,

926 995 986 1033 Qui
1009 1004 1068 1035 per
1093 1003 1217 1026 crucem
1244 996 1351 1028 docuit

970 1043 1093 1074 hostem
1117 1051 1179 1073 non
1204 1042 1326 1084 timere,

923 1090 962 1121 In
986 1092 1072 1121 terra
1096 1089 1267 1121 viventium

969 1136 1060 1168 nobis
1088 1136 1142 1167 det
1164 1137 1313 1175 gaudere.

923 1212 1002 1251 Ave,
1030 1211 1116 1242 cuius
1140 1210 1280 1243 brachiis

971 1258 1114 1290 Christus
1140 1261 1188 1289 est
1212 1262 1369 1299 extensus,

923 1304 1011 1336 Patri
1034 1313 1146 1345 preces
1171 1304 1304 1337 offerens

969 1352 1002 1383 in
1028 1360 1120 1382 cruce
1142 1361 1322 1393 suspensus,

924 1397 990 1430 Nos
1015 1407 1034 1430 a
1055 1399 1127 1430 1303
1150 1398 1266 1431 liberet

969 1445 1111 1485 poenalis
1137 1445 1316 1487 descensus,

927 1490 1020 1523 (hius
1043 1493 1107 1523 iam
1131 1490 1274 1525 refloruit

971 1538 1086 1570 nobilis
1111 1547 1269 1574 3500115115.

924 1613 1003 1654 Ave,
1029 1622 1088 1653 per
1113 1622 1205 1653 quam
1227 1615 1344 1646 vitulus

969 1670 1081 1701 passus
1105 1662 1264 1701 pascualis

923 1707 1027 1739 Patris
1052 1710 1140 1739 tenet
1163 1707 1275 1740 solium

971 1755 1056 1795 patri
1079 1755 1268 1796 0030033115,

923 1800 1050 1833 Nostris
1074 1801 1116 1831 sit
1139 1803 1296 1840 propitius

972 1852 1003 1879 et
1026 1848 1173 1879 misertus
1196 1850 1299 1890 malis,

921 1895 1018 1933 Quem
1041 1893 1156 1934 figurat
1177 1895 1294 1928 vitulus

967 1941 1083 1973 Libani
1106 1941 1228 1981 legalis,

921 2017 1001 2055 Ave,
1029 2017 1068 2048 de
1092 2025 1154 2055 qua
1179 2018 1327 2056 gaudium

966 2063 1155 2095 matutinum
1178 2062 1280 2105 fluxit,

923 2110 999 2143 Cum
1025 2109 1168 2142 Christus
1193 2110 1233 2143 ab
1257 2112 1370 2145 inferis

966 2160 1106 2189 mortuos
1132 2158 1252 2199 eduxit,

917 2204 984 2236 Nos
1010 2204 1105 2236 ducat
1128 2204 1171 2236 ad
1195 2206 1354 2248 gaudium,

966 2260 1026 2291 quo
1050 2260 1122 2282 suos
1146 2252 1308 2297 perduxit,

918 2298 1072 2330 Scindens
1093 2306 1219 2330 53001131
1243 2302 1395 2343 corporis,

966 2345 1026 2377 sibi
1051 2353 1143 2386 quem
1168 2345 1310 2390 obduxit.
