1650 2612
668 118 901 153 -83-

173 235 180 241 .
205 209 285 251 Ave,
311 209 394 249 Iesu,
420 209 539 244 blande
562 211 664 253 bonis,

205 256 330 288 Memor
354 259 428 289 tuae
451 258 608 298 passionis

254 303 358 335 Corde
381 306 448 337 toto
473 304 618 347 langueo,

206 350 289 381 Dum
313 352 467 384 recordor
488 351 576 384 vitae
601 353 712 385 ducem

204 397 404 429 Baiulantem
429 398 491 431 sibi
516 408 652 441 erucem,

253 445 332 478 Cum
360 445 488 478 dolente
514 446 616 480 doleo.

172 554 180 562 .
206 530 288 571 Ave,
313 530 398 569 Iesu,
422 529 481 563 flos
505 534 626 571 exorte,

205 577 422 609 Proterendus
446 586 542 610 saeva
565 583 667 613 morte

230 623 339 656 Crucis
363 624 397 656 in
421 624 575 664 patibulo,

204 671 302 710 Quam
328 672 503 711 stupendus
529 672 607 704 ordo
633 671 695 704 fori

203 718 361 757 oportere
381 718 481 750 vitam
504 719 585 750 mori

250 766 315 797 Pro
337 765 466 797 mortali
491 766 626 798 saeculo.

170 874 178 882 .
203 850 285 888 Ave,
311 849 394 889 Iesu,
420 850 531 882 botrus
556 851 632 892 vini,

201 897 301 936 Quem
325 899 455 936 portant
479 900 623 929 vectores
646 897 725 937 bini,

249 942 379 983 Moyses
405 953 483 984 quos
506 944 646 986 miserat,

201 991 318 1023 Botrus
345 990 452 1031 Cypri,
479 999 498 1022 o
524 991 649 1033 dilecte,

200 1038 284 1081 Heu,
308 1038 447 1077 portaris
473 1038 575 1069 crucis
600 1040 699 1078 vecte,

273 1084 379 1116 Vectis
404 1093 497 1125 quem
521 1085 712 1126 signaverat.

167 1193 174 1201 .
201 1170 282 1212 Ave,
308 1170 392 1213 Iesu,
419 1172 530 1202 auctor
553 1170 648 1211 vitae,

200 1216 391 1249 Cruentatur
416 1219 513 1257 eaput
536 1217 614 1248 mite

249 1264 419 1304 Spinarum
443 1264 571 1305 aculeis,

201 1310 291 1350 Quod
310 1311 417 1343 Maria
441 1311 614 1343 osculando

198 1358 397 1391 Excomebat
421 1360 508 1391 tactu
531 1358 650 1391 blando

244 1405 395 1438 Manibus
420 1405 582 1445 virgineis.

165 1515 173 1523 .
199 1492 279 1533 Ave,
304 1491 387 1531 Iesu,
412 1499 533 1524 memor
558 1494 636 1533 esto,

199 1539 298 1579 Quam
324 1538 486 1578 spinarum
510 1538 677 1571 inhonesto

246 1585 364 1618 Sordes
393 1585 582 1626 diademate,

194 1633 296 1665 Dulce
322 1635 417 1672 caput
442 1636 474 1664 et
499 1632 658 1673 decorum,

195 1681 256 1724 En,
283 1679 461 1720 languescit
483 1679 672 1712 inhonorum

244 1728 323 1760 Tam
350 1729 479 1760 cruento
502 1727 672 1761 schemate.

162 1838 169 1845 .
196 1814 277 1854 Ave,
304 1812 387 1855 Iesu,
414 1815 485 1846 tuas
507 1822 618 1845 manus

194 1861 313 1894 Tortor
337 1869 450 1893 saevus
477 1861 509 1891 et
533 1869 667 1893 vesanus

243 1907 338 1942 Cruci
364 1908 462 1941 clavis
487 1907 618 1949 adligat,

195 1955 299 1988 Pedes
325 1964 433 1988 saeros
459 1954 546 1987 ferro
570 1956 654 1988 clavi

194 2002 340 2044 Frangit,
368 2001 460 2046 fodit,
486 2000 573 2035 fluxu
598 2003 689 2043 gravi

242 2050 378 2091 Sanguis
404 2053 522 2083 terram
547 2050 671 2092 irrigat.

160 2173 168 2181 .
194 2148 275 2188 Ave,
302 2147 385 2190 Iesu,
412 2156 493 2187 puer
520 2147 637 2188 suavis,

192 2195 253 2236 En,
282 2193 422 2226 confixus
449 2194 534 2227 eruci
560 2195 658 2228 clavis

237 2243 314 2274 Alto
338 2242 460 2281 pendes
485 2242 605 2283 stipite,

193 2289 363 2324 Sceleratis
387 2290 512 2322 iunctus
536 2289 620 2322 binis

192 2337 285 2372 Serto
312 2337 400 2369 duris
424 2338 520 2378 plexo
546 2338 646 2378 spinis

237 2384 413 2417 Coronatus
440 2384 555 2426 capite.

829 213 882 246 10.

826 532 881 566 11.

824 851 877 883 12.

822 1170 876 1202 13.

822 1492 874 1525 14.

821 1814 875 1847 15.

818 2148 872 2181 16.

907 214 988 254 Ave,
1013 212 1096 252 Iesu,
1122 219 1201 251 puer
1225 211 1320 250 mitis,

909 261 1008 293 Plena
1032 257 1105 290 vino
1135 267 1210 289 vera
1236 257 1319 296 vitis,

957 307 1037 339 Vino
1064 304 1152 337 dives
1177 305 1279 346 vinea,

909 354 1020 386 Potum
1045 350 1131 383 fudit
1153 351 1219 385 vini
1245 352 1350 383 suavis

909 400 1030 440 Corpus
1056 401 1143 430 tuum
1167 398 1265 431 fixum
1291 398 1399 441 clavis,

952 448 1052 480 Latus
1077 444 1196 478 fossum
1219 446 1339 478 lancea.

907 532 988 571 Ave,
1011 533 1094 572 Iesu,
1119 531 1169 563 vir
1195 530 1349 572 dolorum,

907 579 1006 611 Orbes
1031 580 1173 610 marcent
1198 577 1358 610 oculorum

954 624 1112 658 Clariores
1137 625 1253 666 sidere,

907 672 1059 711 speciosi,
1083 680 1147 703 non
1171 671 1327 711 vulgares,

905 719 1083 750 Matutinae
1107 719 1221 750 stellae
1243 727 1337 757 pares

951 765 1067 797 Mortis
1091 765 1241 805 languent
1263 766 1414 804 pondere.

904 851 983 893 Ave,
1009 851 1091 891 Iesu,
1117 859 1244 890 germen
1271 851 1400 889 clarum,

904 897 965 938 En,
990 897 1138 937 pallescit
1161 896 1219 930 flos
1245 905 1406 938 genarum,

951 944 1076 976 Blanda
1100 945 1210 976 sordet
1233 942 1342 983 facies,

903 991 1092 1031 Exspiravit
1115 989 1173 1023 flos
1199 991 1334 1032 decoris,

903 1038 997 1070 Livet
1021 1046 1094 1069 rosa
1119 1038 1198 1069 olari
1223 1037 1298 1079 oriS,

951 1084 1057 1117 Labra
1082 1083 1178 1124 fregit
1200 1085 1329 1117 macies.

903 1171 982 1208 Ave,
1008 1170 1090 1210 Iesu,
1118 1178 1209 1209 quam
1236 1170 1337 1210 exilis,

904 1217 1002 1256 Quam
1019 1216 1195 1257 despectus,
1210 1225 1343 1259 pauper,
1354 1218 1426 1250 vilis

948 1264 1066 1296 Faetus
1092 1272 1123 1295 es
1147 1273 1206 1304 pro
1231 1264 1366 1304 homine,

904 1311 967 1343 Sed
992 1313 1053 1344 hoc
1078 1311 1141 1342 vile
1165 1311 1338 1351 pretiosum

902 1359 1020 1399 Regem
1045 1358 1136 1390 nobis
1161 1358 1332 1398 gratiosum

949 1406 995 1437 Te
1017 1406 1165 1444 ostendit,
1192 1406 1336 1438 Domine.

901 1491 981 1532 Ave,
1008 1492 1091 1532 Iesu,
1118 1491 1187 1523 sine
1211 1494 1299 1524 veste

901 1539 999 1578 Quam
1021 1542 1096 1570 tuno
1112 1539 1233 1578 pendes
1251 1539 1425 1581 inhoneste,

946 1586 1033 1627 Flos,
1059 1591 1112 1625 qui
1137 1587 1234 1618 vestis
1258 1586 1336 1626 lilia,

900 1633 960 1672 Qui
986 1634 1116 1666 decoras
1141 1633 1244 1673 campi
1268 1631 1361 1665 flores

900 1680 1117 1713 Admirandos
1142 1689 1201 1720 per
1226 1681 1357 1720 colores,

948 1727 1112 1761 Sordeseis
1136 1728 1279 1768 penuria.

901 1814 981 1854 Ave,
1007 1814 1092 1854 Iesu,
1117 1822 1193 1845 rosa
1216 1813 1312 1854 veris,

902 1860 979 1893 Cum
1003 1861 1036 1893 in
1063 1869 1155 1892 eruce
1178 1862 1358 1902 morereris,

948 1909 1062 1941 Vultus
1086 1910 1157 1940 tuus
1181 1907 1305 1952 palluit,

900 1956 982 1988 Eras
1008 1959 1114 1988 tamen
1138 1956 1222 1988 veris
1245 1965 1329 1997 rosa,

902 2003 1044 2036 Caritate
1067 2003 1222 2044 speciosa,

947 2051 1033 2090 Quae
1057 2051 1090 2082 in
1116 2054 1217 2083 morte
1241 2049 1358 2086 floruit.

898 2148 978 2189 Ave,
1004 2148 1086 2190 lesu,
1112 2146 1145 2177 in
1172 2147 1281 2179 dolore

897 2194 995 2227 Totus
1018 2193 1135 2226 rubens
1160 2202 1239 2234 prae
1262 2203 1383 2238 cruore,

944 2243 989 2276 Ut
1013 2241 1189 2282 prophetae
1215 2241 1374 2283 dixerant,

895 2289 986 2322 Duae
1012 2289 1098 2322 cuius
1121 2298 1241 2329 parvae
1264 2290 1370 2322 stillae

893 2338 947 2370 Ad
973 2337 1143 2370 salvandos
1170 2337 1305 2370 mundos
1329 2338 1417 2370 mille

941 2384 1107 2419 Suffecisse
1132 2388 1291 2426 poterant.

1212 2438 1254 2469 6*
