1650 2612
696 122 858 155 —222
910 141 951 148 —

196 216 250 247 42.
275 215 354 254 Ave,
380 223 469 253 quam
498 215 536 247 de
560 213 703 254 gentibus

319 261 471 294 Dominus
497 261 656 300 discrevit,

274 310 350 342 Cum
371 308 404 339 in
425 312 534 341 ventre
559 308 687 348 virginis

320 354 425 387 infans
450 355 613 397 requievit,

274 402 406 434 Causam
431 405 463 434 et
487 400 727 441 chirographum

319 457 512 488 poenamque
538 449 665 488 delevit,

274 496 370 534 Quam
397 496 428 527 in
453 496 586 535 primum
613 495 769 526 hominem

319 543 422 582 prima
444 544 496 574 lex
522 542 671 574 decrevit.

190 600 246 632 43.
270 599 350 638 Ave,
377 599 463 630 cuius
488 599 610 630 viscera

320 646 477 678 Christum
503 646 679 683 ediderunt,

270 693 333 724 Per
358 701 448 731 quem
473 693 549 724 victi
573 692 743 728 subiacent,

319 739 371 778 qui
396 749 453 771 nos
479 738 671 771 adflixerunt

273 785 367 817 Salva
391 796 447 818 nos
472 787 503 818 in
529 786 667 824 brachio,

322 835 407 864 cuius
432 834 494 865 vim
519 835 685 864 senserunt

273 880 331 918 Qui
355 880 478 912 victrici
505 880 653 912 dexterae

319 926 433 958 Christi
458 928 652 958 restiterunt.

190 985 247 1015 44.
273 984 352 1021 Ave,
378 985 464 1015 stans
489 984 530 1015 ad
558 983 717 1014 dexteram

319 1029 446 1061 Domini
470 1030 588 1070 regina,

273 1077 370 1115 Quam
396 1077 495 1108 ambit
517 1077 654 1108 varietas

319 1123 467 1154 virtutum
495 1124 610 1163 divina,

272 1170 362 1210 Vide,
389 1171 471 1210 regis
496 1169 570 1212 filia,

320 1219 351 1247 et
374 1225 481 1248 aurem
505 1217 631 1256 inclina,

272 1263 373 1294 Natus
399 1271 437 1294 ex
463 1267 493 1294 te
517 1263 610 1295 nobis
635 1265 683 1293 est

321 1310 463 1343 Christus
488 1310 653 1342 medicina.

191 1368 245 1398 45.
274 1367 350 1406 Ave,
376 1365 610 1397 tabernaculum

318 1413 400 1452 quod
425 1412 634 1444 sanctificavit

273 1459 455 1491 Sanctorum
482 1460 707 1498 sanctissimus,

315 1507 347 1537 in
372 1509 403 1536 te
429 1515 496 1538 cum
522 1506 661 1546 intravit,

271 1553 321 1584 Ex
348 1556 379 1583 te
402 1554 491 1585 nobis
515 1554 650 1592 impetus

317 1598 452 1631 fluminis
476 1601 622 1639 manavit,

272 1646 436 1678 Civitatem
461 1647 586 1679 Domini

317 1694 369 1733 qui
394 1693 587 1727 laetificavit.

189 1751 244 1782 46.
268 1751 346 1791 Ave,
373 1757 430 1788 per
455 1760 548 1790 quam
572 1750 655 1781 filius

317 1796 376 1828 Dei
402 1804 471 1829 cum
497 1796 669 1837 descendit,

270 1844 336 1875 Nos
357 1844 390 1874 in
412 1845 461 1876 sui
484 1845 618 1876 nominis

315 1899 451 1923 amorem
476 1892 631 1930 accendit,

944 215 1106 253 Particeps
1131 214 1325 245 substantiae

988 262 1114 292 nostrae
1140 269 1208 291 eum
1234 259 1386 297 ascendit,

944 306 1145 339 Ascendendi
1170 307 1291 345 pariter

990 353 1079 385 nobis
1103 361 1191 392 spem
1215 352 1381 392 impendit.

909 435 916 444 .
942 412 1021 447 Ave,
1046 418 1158 450 magna
1183 408 1310 440 domina

991 459 1022 487 et
1046 456 1206 488 laudanda
1230 455 1333 493 nimis,

943 504 1037 543 Regis
1062 503 1166 543 magni
1192 502 1312 542 civitas,

989 559 1078 582 mons
1104 550 1178 582 Sion
1200 549 1352 586 sublimis,

942 598 990 629 Tu
1014 606 1127 637 magna
1149 599 1184 628 tu
1208 596 1353 636 praedita

988 644 1108 676 meritis
1134 644 1255 684 opimis,

943 692 1025 723 Tuos
1049 691 1089 722 ad
1116 691 1263 722 caelestia

989 736 1127 770 transfer
1151 738 1191 768 ab
1216 738 1265 768 his
1288 736 1370 767 imis.

910 821 917 828 .
943 796 1020 834 Ave,
1046 802 1103 833 per
1127 803 1217 833 quam
1244 793 1384 824 homines

990 844 1080 872 natos
1104 841 1146 872 ad
1171 840 1311 872 laborem

944 889 997 920 Ad
1021 887 1168 919 amissum
1193 895 1343 918 revocans

989 934 1141 967 Dominus
1165 935 1314 966 honorem

943 982 992 1014 De
1014 984 1122 1013 nostra
1147 981 1323 1012 substantia

990 1030 1145 1068 sumptum
1170 1027 1272 1059 carnis
1297 1026 1404 1058 florem

942 1077 1050 1115 Ipsum
1074 1073 1150 1107 fecit
1173 1074 1292 1114 angelis

988 1123 1020 1153 in
1046 1130 1080 1153 se
1105 1123 1277 1153 celsiorem.

908 1204 915 1210 .
942 1179 1021 1216 Ave,
1046 1182 1147 1210 mater
1170 1177 1235 1210 filio

991 1225 1086 1265 digna
1110 1225 1278 1267 nascituro,

944 1271 1093 1311 Corporis
1118 1272 1280 1303 materiam

988 1318 1169 1350 ministrans
1194 1326 1336 1357 passuro,

948 1367 1050 1405 Purga
1076 1365 1294 1405 conscientias,

987 1414 1022 1443 ut
1042 1412 1088 1442 sic
1113 1413 1208 1444 corde
1232 1420 1311 1451 puro

943 1459 1155 1490 Procedamus
1180 1459 1303 1490 obviam

988 1506 1084 1537 iudici
1109 1508 1250 1538 venturo.

911 1589 919 1596 .
944 1563 1025 1603 Ave,
1050 1571 1106 1594 nos
1132 1563 1363 1604 commiserans,

989 1612 1089 1641 nostri
1113 1610 1272 1651 miserere,

943 1657 992 1688 Tu
1015 1657 1252 1688 misericordiae

989 1707 1090 1735 mater
1115 1704 1201 1736 dict-a
1224 1712 1309 1744 vere,

944 1751 1100 1782 Miserere
1124 1751 1273 1790 omnium,

990 1799 1043 1838 qui
1067 1798 1129 1830 tuis
1156 1799 1278 1830 sincere

942 1845 1105 1877 Laudibus
1133 1846 1315 1886 dignissime

991 1893 1130 1933 gaudent
1148 1893 1325 1925 inhaerere.

550 1976 747 2009 Secunda
778 1978 1087 2019 Quinquagena.

214 2042 243 2072 1.
269 2040 371 2076 Salve,
398 2039 475 2072 felix
500 2044 532 2072 et
556 2040 691 2073 fecunda

318 2089 426 2125 mater,
452 2089 522 2119 nati
547 2088 657 2129 gloria,

269 2134 306 2166 In
332 2143 393 2173 qua
416 2135 506 2166 nobis
533 2135 730 2174 gloriandum

317 2185 348 2211 et
367 2189 430 2212 non
452 2181 485 2212 in
509 2181 638 2219 malitia,

270 2227 300 2260 A
324 2227 459 2267 maligno
484 2237 550 2270 nos,
576 2228 720 2268 benigna,

318 2278 350 2306 et
373 2283 393 2305 a
417 2275 498 2306 malo
524 2274 634 2315 libera,

270 2322 314 2355 Ut
337 2322 370 2353 in
396 2321 486 2354 domo
512 2322 572 2354 Dei
596 2323 692 2354 simus

319 2369 402 2402 oliva
426 2368 600 2402 fructifera.

885 2045 917 2075 2.
943 2042 1045 2081 Salve,
1064 2052 1122 2082 per
1139 2052 1232 2083 quam
1248 2052 1304 2074 nos
1324 2043 1363 2074 de
1381 2046 1468 2077 caelo

989 2098 1044 2122 rex
1069 2090 1234 2129 prospexit
1256 2090 1385 2134 gloriae,

942 2136 987 2169 Ut
1011 2137 1166 2169 humanae
1189 2137 1342 2168 liberaret

989 2183 1071 2214 filios
1095 2183 1250 2222 miseriae,

941 2231 1004 2262 Per
1028 2233 1060 2261 te
1082 2232 1203 2271 regnat,
1229 2238 1306 2269 quos
1331 2233 1466 2267 redemit

988 2277 1089 2317 patris
1115 2277 1279 2320 sapientia,

941 2324 991 2356 Ne
1017 2324 1199 2356 damnemur
1223 2323 1409 2359 oberrantes

988 2371 1021 2402 in
1045 2370 1237 2411 insipientia..
