<?xml version="1.0" encoding="UTF-8"?>
<!DOCTYPE html PUBLIC "-//W3C//DTD XHTML 1.0 Transitional//EN"
    "http://www.w3.org/TR/xhtml1/DTD/xhtml1-transitional.dtd">
<html xmlns="http://www.w3.org/1999/xhtml" xml:lang="en" lang="en">
 <head>
  <title>
</title>
<meta http-equiv="Content-Type" content="text/html;charset=utf-8" />
  <meta name='ocr-system' content='tesseract 3.04.00' />
  <meta name='ocr-capabilities' content='ocr_page ocr_carea ocr_par ocr_line ocrx_word'/>
</head>
<body>
  <div class='ocr_page' id='page_1' title='image "./analectahymnica35drevuoft_00195.png"; bbox 0 0 1650 2612; ppageno 0'>
   <div class='ocr_carea' id='block_1_1' title="bbox 236 186 265 219">
    <p class='ocr_par' dir='ltr' id='par_1_1' title="bbox 236 186 265 219">
     <span class='ocr_line' id='line_1_1' title="bbox 236 186 265 219; baseline 0.069 -2"><span class='ocrx_word' id='word_1_1' title='bbox 236 186 265 219; x_wconf 83' lang='lat'>7.</span> 
     </span>
    </p>
   </div>
   <div class='ocr_carea' id='block_1_2' title="bbox 216 861 268 892">
    <p class='ocr_par' dir='ltr' id='par_1_2' title="bbox 216 861 268 892">
     <span class='ocr_line' id='line_1_2' title="bbox 216 861 268 892; baseline -0.019 0"><span class='ocrx_word' id='word_1_2' title='bbox 216 861 268 892; x_wconf 83' lang='lat'>10.</span> 
     </span>
    </p>
   </div>
   <div class='ocr_carea' id='block_1_3' title="bbox 217 1084 270 1116">
    <p class='ocr_par' dir='ltr' id='par_1_3' title="bbox 217 1084 270 1116">
     <span class='ocr_line' id='line_1_3' title="bbox 217 1084 270 1116; baseline 0 0"><span class='ocrx_word' id='word_1_3' title='bbox 217 1084 270 1116; x_wconf 77' lang='lat'>11.</span> 
     </span>
    </p>
   </div>
   <div class='ocr_carea' id='block_1_4' title="bbox 218 1311 269 1342">
    <p class='ocr_par' dir='ltr' id='par_1_4' title="bbox 218 1311 269 1342">
     <span class='ocr_line' id='line_1_4' title="bbox 218 1311 269 1342; baseline -0.02 -1"><span class='ocrx_word' id='word_1_4' title='bbox 218 1311 269 1342; x_wconf 81' lang='lat'>12.</span> 
     </span>
    </p>
   </div>
   <div class='ocr_carea' id='block_1_5' title="bbox 220 1535 271 1566">
    <p class='ocr_par' dir='ltr' id='par_1_5' title="bbox 220 1535 271 1566">
     <span class='ocr_line' id='line_1_5' title="bbox 220 1535 271 1566; baseline -0.02 0"><span class='ocrx_word' id='word_1_5' title='bbox 220 1535 271 1566; x_wconf 83' lang='lat'>13.</span> 
     </span>
    </p>
   </div>
   <div class='ocr_carea' id='block_1_6' title="bbox 221 1761 273 1792">
    <p class='ocr_par' dir='ltr' id='par_1_6' title="bbox 221 1761 273 1792">
     <span class='ocr_line' id='line_1_6' title="bbox 221 1761 273 1792; baseline 0 0"><span class='ocrx_word' id='word_1_6' title='bbox 221 1761 273 1792; x_wconf 74' lang='lat'>14.</span> 
     </span>
    </p>
   </div>
   <div class='ocr_carea' id='block_1_7' title="bbox 218 1983 270 2014">
    <p class='ocr_par' dir='ltr' id='par_1_7' title="bbox 218 1983 270 2014">
     <span class='ocr_line' id='line_1_7' title="bbox 218 1983 270 2014; baseline -0.038 0"><span class='ocrx_word' id='word_1_7' title='bbox 218 1983 270 2014; x_wconf 89' lang='grc'>15.</span> 
     </span>
    </p>
   </div>
   <div class='ocr_carea' id='block_1_8' title="bbox 221 2204 274 2236">
    <p class='ocr_par' dir='ltr' id='par_1_8' title="bbox 221 2204 274 2236">
     <span class='ocr_line' id='line_1_8' title="bbox 221 2204 274 2236; baseline 0 0"><span class='ocrx_word' id='word_1_8' title='bbox 221 2204 274 2236; x_wconf 88' lang='lat'>16.</span> 
     </span>
    </p>
   </div>
   <div class='ocr_carea' id='block_1_9' title="bbox 713 84 874 118">
    <p class='ocr_par' dir='ltr' id='par_1_9' title="bbox 713 84 874 118">
     <span class='ocr_line' id='line_1_9' title="bbox 713 84 874 118; baseline 0 0"><span class='ocrx_word' id='word_1_9' title='bbox 713 105 757 111; x_wconf 95' lang='lat'>—</span> <span class='ocrx_word' id='word_1_10' title='bbox 806 84 874 118; x_wconf 79' lang='lat'>192</span> 
     </span>
    </p>
   </div>
   <div class='ocr_carea' id='block_1_10' title="bbox 290 184 767 364">
    <p class='ocr_par' dir='ltr' id='par_1_10' title="bbox 290 184 627 227">
     <span class='ocr_line' id='line_1_10' title="bbox 290 184 627 227; baseline -0.012 -10"><span class='ocrx_word' id='word_1_11' title='bbox 290 185 371 227; x_wconf 74' lang='lat' dir='ltr'>Ave,</span> <span class='ocrx_word' id='word_1_12' title='bbox 397 185 483 216; x_wconf 85' lang='lat' dir='ltr'>cuius</span> <span class='ocrx_word' id='word_1_13' title='bbox 504 184 627 224; x_wconf 86' lang='lat' dir='ltr'>justitia</span> 
     </span>
    </p>

    <p class='ocr_par' dir='ltr' id='par_1_11' title="bbox 294 230 683 265">
     <span class='ocr_line' id='line_1_11' title="bbox 294 230 683 265; baseline -0.008 -2"><span class='ocrx_word' id='word_1_14' title='bbox 294 232 404 264; x_wconf 79' lang='lat' dir='ltr'><strong>Floret</strong></span> <span class='ocrx_word' id='word_1_15' title='bbox 426 232 459 262; x_wconf 89' lang='lat' dir='ltr'>in</span> <span class='ocrx_word' id='word_1_16' title='bbox 485 231 563 263; x_wconf 87' lang='lat' dir='ltr'>caeli</span> <span class='ocrx_word' id='word_1_17' title='bbox 588 230 683 265; x_wconf 76' lang='lat' dir='ltr'>curia,</span> 
     </span>
    </p>

    <p class='ocr_par' dir='ltr' id='par_1_12' title="bbox 292 275 767 364">
     <span class='ocr_line' id='line_1_12' title="bbox 293 275 694 316; baseline -0.01 -6"><span class='ocrx_word' id='word_1_18' title='bbox 293 280 329 311; x_wconf 92' lang='lat' dir='ltr'>In</span> <span class='ocrx_word' id='word_1_19' title='bbox 355 281 493 310; x_wconf 85' lang='lat' dir='ltr'>extremo</span> <span class='ocrx_word' id='word_1_20' title='bbox 517 275 694 316; x_wconf 80' lang='lat' dir='ltr'>laetaberis,</span> 
     </span>
     <span class='ocr_line' id='line_1_13' title="bbox 292 321 767 364; baseline -0.011 -7"><span class='ocrx_word' id='word_1_21' title='bbox 292 325 421 364; x_wconf 82' lang='lat' dir='ltr'>Quando</span> <span class='ocrx_word' id='word_1_22' title='bbox 448 324 615 356; x_wconf 87' lang='lat' dir='ltr'>vindictam</span> <span class='ocrx_word' id='word_1_23' title='bbox 640 321 767 354; x_wconf 81' lang='lat' dir='ltr'>videris.</span> 
     </span>
    </p>
   </div>
   <div class='ocr_carea' id='block_1_11' title="bbox 261 409 727 446">
    <p class='ocr_par' dir='ltr' id='par_1_13' title="bbox 261 409 727 446">
     <span class='ocr_line' id='line_1_14' title="bbox 261 409 727 446; baseline -0.006 -5"><span class='ocrx_word' id='word_1_24' title='bbox 261 435 268 441; x_wconf 96' lang='lat'>.</span> <span class='ocrx_word' id='word_1_25' title='bbox 293 410 372 446; x_wconf 84' lang='lat' dir='ltr'>Ave,</span> <span class='ocrx_word' id='word_1_26' title='bbox 399 410 485 441; x_wconf 88' lang='lat' dir='ltr'>cuius</span> <span class='ocrx_word' id='word_1_27' title='bbox 509 409 541 440; x_wconf 90' lang='lat' dir='ltr'>in</span> <span class='ocrx_word' id='word_1_28' title='bbox 567 416 727 439; x_wconf 88' lang='lat' dir='ltr'>occursum</span> 
     </span>
    </p>
   </div>
   <div class='ocr_carea' id='block_1_12' title="bbox 294 455 811 589">
    <p class='ocr_par' dir='ltr' id='par_1_14' title="bbox 294 455 811 589">
     <span class='ocr_line' id='line_1_15' title="bbox 294 455 786 494; baseline -0.006 -7"><span class='ocrx_word' id='word_1_29' title='bbox 294 457 388 488; x_wconf 83' lang='lat' dir='ltr'>Vitae</span> <span class='ocrx_word' id='word_1_30' title='bbox 412 456 501 487; x_wconf 89' lang='lat' dir='ltr'>huius</span> <span class='ocrx_word' id='word_1_31' title='bbox 526 458 598 494; x_wconf 84' lang='lat' dir='ltr'>post</span> <span class='ocrx_word' id='word_1_32' title='bbox 623 455 786 486; x_wconf 88' lang='lat' dir='ltr'>decursum</span> 
     </span>
     <span class='ocr_line' id='line_1_16' title="bbox 295 501 811 543; baseline -0.008 -8"><span class='ocrx_word' id='word_1_33' title='bbox 295 503 435 535; x_wconf 77' lang='lat' dir='ltr'>Christus</span> <span class='ocrx_word' id='word_1_34' title='bbox 463 502 601 542; x_wconf 86' lang='lat' dir='ltr'>gaudens</span> <span class='ocrx_word' id='word_1_35' title='bbox 627 501 811 543; x_wconf 78' lang='lat' dir='ltr'>exsurrexit,</span> 
     </span>
     <span class='ocr_line' id='line_1_17' title="bbox 295 548 795 589; baseline -0.004 -8"><span class='ocrx_word' id='word_1_36' title='bbox 295 550 374 589; x_wconf 80' lang='lat' dir='ltr'>Quia</span> <span class='ocrx_word' id='word_1_37' title='bbox 397 550 543 580; x_wconf 88' lang='lat' dir='ltr'>mundam</span> <span class='ocrx_word' id='word_1_38' title='bbox 566 551 598 579; x_wconf 87' lang='lat' dir='ltr'>te</span> <span class='ocrx_word' id='word_1_39' title='bbox 623 548 795 587; x_wconf 75' lang='lat' dir='ltr'>conspexit.</span> 
     </span>
    </p>
   </div>
   <div class='ocr_carea' id='block_1_13' title="bbox 262 632 689 673">
    <p class='ocr_par' dir='ltr' id='par_1_15' title="bbox 262 632 689 673">
     <span class='ocr_line' id='line_1_18' title="bbox 262 632 689 673; baseline -0.005 -7"><span class='ocrx_word' id='word_1_40' title='bbox 262 659 269 666; x_wconf 86' lang='lat'>.</span> <span class='ocrx_word' id='word_1_41' title='bbox 294 635 373 673; x_wconf 82' lang='lat' dir='ltr'>Ave,</span> <span class='ocrx_word' id='word_1_42' title='bbox 397 642 455 673; x_wconf 83' lang='lat' dir='ltr'>per</span> <span class='ocrx_word' id='word_1_43' title='bbox 480 633 566 665; x_wconf 86' lang='lat' dir='ltr'>cuius</span> <span class='ocrx_word' id='word_1_44' title='bbox 590 632 689 664; x_wconf 83' lang='lat' dir='ltr'>filium</span> 
     </span>
    </p>
   </div>
   <div class='ocr_carea' id='block_1_14' title="bbox 294 679 757 806">
    <p class='ocr_par' dir='ltr' id='par_1_16' title="bbox 294 679 757 806">
     <span class='ocr_line' id='line_1_19' title="bbox 294 679 757 721; baseline -0.006 -8"><span class='ocrx_word' id='word_1_45' title='bbox 294 682 410 721; x_wconf 84' lang='lat' dir='ltr'>Plagae</span> <span class='ocrx_word' id='word_1_46' title='bbox 433 683 584 712; x_wconf 86' lang='lat' dir='ltr'>sanantur</span> <span class='ocrx_word' id='word_1_47' title='bbox 608 679 757 719; x_wconf 88' lang='lat' dir='ltr'>cordium,</span> 
     </span>
     <span class='ocr_line' id='line_1_20' title="bbox 294 727 707 767; baseline -0.005 -8"><span class='ocrx_word' id='word_1_48' title='bbox 294 729 428 767; x_wconf 74' lang='lat' dir='ltr'>Quorum</span> <span class='ocrx_word' id='word_1_49' title='bbox 454 727 538 759; x_wconf 86' lang='lat' dir='ltr'>facta</span> <span class='ocrx_word' id='word_1_50' title='bbox 562 727 707 759; x_wconf 77' lang='lat' dir='ltr'>contritio</span> 
     </span>
     <span class='ocr_line' id='line_1_21' title="bbox 294 774 649 806; baseline 0 0"><span class='ocrx_word' id='word_1_51' title='bbox 294 775 353 806; x_wconf 86' lang='lat' dir='ltr'>Dei</span> <span class='ocrx_word' id='word_1_52' title='bbox 378 778 500 806; x_wconf 88' lang='lat' dir='ltr'>constat</span> <span class='ocrx_word' id='word_1_53' title='bbox 523 774 649 806; x_wconf 90' lang='lat' dir='ltr'>iudicio.</span> 
     </span>
    </p>
   </div>
   <div class='ocr_carea' id='block_1_15' title="bbox 293 860 742 1031">
    <p class='ocr_par' dir='ltr' id='par_1_17' title="bbox 293 860 742 1031">
     <span class='ocr_line' id='line_1_22' title="bbox 293 860 692 902; baseline -0.003 -11"><span class='ocrx_word' id='word_1_54' title='bbox 293 860 371 902; x_wconf 80' lang='lat' dir='ltr'>Ave,</span> <span class='ocrx_word' id='word_1_55' title='bbox 400 860 485 891; x_wconf 90' lang='lat' dir='ltr'>cuius</span> <span class='ocrx_word' id='word_1_56' title='bbox 510 860 542 890; x_wconf 88' lang='lat' dir='ltr'>in</span> <span class='ocrx_word' id='word_1_57' title='bbox 568 861 692 891; x_wconf 88' lang='lat' dir='ltr'>saecula</span> 
     </span>
     <span class='ocr_line' id='line_1_23' title="bbox 296 906 706 946; baseline -0.002 -8"><span class='ocrx_word' id='word_1_58' title='bbox 296 907 375 939; x_wconf 84' lang='lat' dir='ltr'>Sunt</span> <span class='ocrx_word' id='word_1_59' title='bbox 398 906 480 946; x_wconf 84' lang='lat' dir='ltr'>regis</span> <span class='ocrx_word' id='word_1_60' title='bbox 506 906 706 938; x_wconf 86' lang='lat' dir='ltr'>tabernacula</span> 
     </span>
     <span class='ocr_line' id='line_1_24' title="bbox 297 953 640 995; baseline 0 -11"><span class='ocrx_word' id='word_1_61' title='bbox 297 954 407 993; x_wconf 80' lang='lat' dir='ltr'>Quieta</span> <span class='ocrx_word' id='word_1_62' title='bbox 430 953 640 995; x_wconf 82' lang='lat' dir='ltr'>commoratio,</span> 
     </span>
     <span class='ocr_line' id='line_1_25' title="bbox 295 1000 742 1031; baseline -0.002 0"><span class='ocrx_word' id='word_1_63' title='bbox 295 1000 387 1031; x_wconf 84' lang='lat' dir='ltr'>Felix</span> <span class='ocrx_word' id='word_1_64' title='bbox 412 1003 588 1031; x_wconf 88' lang='lat' dir='ltr'>sanctorum</span> <span class='ocrx_word' id='word_1_65' title='bbox 614 1000 742 1031; x_wconf 89' lang='lat' dir='ltr'>mansio.</span> 
     </span>
    </p>
   </div>
   <div class='ocr_carea' id='block_1_16' title="bbox 295 1082 814 1264">
    <p class='ocr_par' dir='ltr' id='par_1_18' title="bbox 295 1082 677 1124">
     <span class='ocr_line' id='line_1_26' title="bbox 295 1082 677 1124; baseline -0.003 -8"><span class='ocrx_word' id='word_1_66' title='bbox 295 1085 375 1124; x_wconf 78' lang='lat' dir='ltr'>Ave,</span> <span class='ocrx_word' id='word_1_67' title='bbox 402 1087 488 1115; x_wconf 86' lang='lat' dir='ltr'>cuius</span> <span class='ocrx_word' id='word_1_68' title='bbox 514 1082 595 1115; x_wconf 82' lang='lat' dir='ltr'>filius</span> <span class='ocrx_word' id='word_1_69' title='bbox 620 1088 677 1123; x_wconf 84' lang='lat' dir='ltr'>est,</span> 
     </span>
    </p>

    <p class='ocr_par' dir='ltr' id='par_1_19' title="bbox 295 1131 814 1264">
     <span class='ocr_line' id='line_1_27' title="bbox 295 1131 813 1170; baseline -0.002 -7"><span class='ocrx_word' id='word_1_70' title='bbox 295 1132 359 1163; x_wconf 85' lang='lat' dir='ltr'>Per</span> <span class='ocrx_word' id='word_1_71' title='bbox 383 1139 472 1170; x_wconf 86' lang='lat' dir='ltr'>quem</span> <span class='ocrx_word' id='word_1_72' title='bbox 499 1131 584 1162; x_wconf 90' lang='lat' dir='ltr'>Deus</span> <span class='ocrx_word' id='word_1_73' title='bbox 609 1132 730 1162; x_wconf 84' lang='lat' dir='ltr'>locutus</span> <span class='ocrx_word' id='word_1_74' title='bbox 756 1135 813 1170; x_wconf 89' lang='lat' dir='ltr'>est,</span> 
     </span>
     <span class='ocr_line' id='line_1_28' title="bbox 295 1178 723 1218; baseline -0.002 -9"><span class='ocrx_word' id='word_1_75' title='bbox 295 1178 331 1209; x_wconf 90' lang='lat' dir='ltr'>In</span> <span class='ocrx_word' id='word_1_76' title='bbox 358 1187 417 1218; x_wconf 83' lang='lat' dir='ltr'>qua</span> <span class='ocrx_word' id='word_1_77' title='bbox 443 1186 536 1208; x_wconf 90' lang='lat' dir='ltr'>carne</span> <span class='ocrx_word' id='word_1_78' title='bbox 561 1186 594 1208; x_wconf 89' lang='lat' dir='ltr'>se</span> <span class='ocrx_word' id='word_1_79' title='bbox 619 1178 723 1209; x_wconf 83' lang='lat' dir='ltr'>induit</span> 
     </span>
     <span class='ocr_line' id='line_1_29' title="bbox 295 1223 814 1264; baseline 0.006 -10"><span class='ocrx_word' id='word_1_80' title='bbox 295 1224 451 1263; x_wconf 85' lang='lat' dir='ltr'>Verbum,</span> <span class='ocrx_word' id='word_1_81' title='bbox 482 1224 566 1264; x_wconf 83' lang='lat' dir='ltr'>quod</span> <span class='ocrx_word' id='word_1_82' title='bbox 589 1223 674 1255; x_wconf 80' lang='lat' dir='ltr'>Deus</span> <span class='ocrx_word' id='word_1_83' title='bbox 699 1225 814 1263; x_wconf 82' lang='lat' dir='ltr'>genuit.</span> 
     </span>
    </p>
   </div>
   <div class='ocr_carea' id='block_1_17' title="bbox 294 1308 758 1491">
    <p class='ocr_par' dir='ltr' id='par_1_20' title="bbox 296 1308 744 1442">
     <span class='ocr_line' id='line_1_30' title="bbox 296 1308 744 1350; baseline -0.002 -10"><span class='ocrx_word' id='word_1_84' title='bbox 296 1309 374 1348; x_wconf 83' lang='lat' dir='ltr'>Ave,</span> <span class='ocrx_word' id='word_1_85' title='bbox 401 1309 487 1339; x_wconf 88' lang='lat' dir='ltr'>cuius</span> <span class='ocrx_word' id='word_1_86' title='bbox 512 1317 597 1339; x_wconf 89' lang='lat' dir='ltr'>mens</span> <span class='ocrx_word' id='word_1_87' title='bbox 621 1308 744 1350; x_wconf 70' lang='lat' dir='ltr'>lugiter,</span> 
     </span>
     <span class='ocr_line' id='line_1_31' title="bbox 301 1355 737 1394; baseline -0.002 -7"><span class='ocrx_word' id='word_1_88' title='bbox 301 1355 380 1387; x_wconf 90' lang='lat' dir='ltr'>Caro</span> <span class='ocrx_word' id='word_1_89' title='bbox 405 1364 496 1394; x_wconf 84' lang='lat' dir='ltr'>quam</span> <span class='ocrx_word' id='word_1_90' title='bbox 521 1355 737 1394; x_wconf 87' lang='lat' dir='ltr'>multipliciter</span> 
     </span>
     <span class='ocr_line' id='line_1_32' title="bbox 301 1402 686 1442; baseline 0 -9"><span class='ocrx_word' id='word_1_91' title='bbox 301 1402 407 1434; x_wconf 79' lang='lat' dir='ltr'>Sitivit</span> <span class='ocrx_word' id='word_1_92' title='bbox 430 1402 462 1432; x_wconf 89' lang='lat' dir='ltr'>in</span> <span class='ocrx_word' id='word_1_93' title='bbox 489 1406 520 1433; x_wconf 90' lang='lat' dir='ltr'>te</span> <span class='ocrx_word' id='word_1_94' title='bbox 546 1402 686 1442; x_wconf 84' lang='lat' dir='ltr'>vigilans,</span> 
     </span>
    </p>

    <p class='ocr_par' dir='ltr' id='par_1_21' title="bbox 294 1449 758 1491">
     <span class='ocr_line' id='line_1_33' title="bbox 294 1449 758 1491; baseline 0.002 -10"><span class='ocrx_word' id='word_1_95' title='bbox 294 1449 346 1481; x_wconf 91' lang='lat' dir='ltr'>Ad</span> <span class='ocrx_word' id='word_1_96' title='bbox 372 1452 412 1488; x_wconf 80' lang='lat' dir='ltr'>te,</span> <span class='ocrx_word' id='word_1_97' title='bbox 440 1449 532 1491; x_wconf 81' lang='lat' dir='ltr'>Deus,</span> <span class='ocrx_word' id='word_1_98' title='bbox 559 1453 590 1479; x_wconf 91' lang='lat' dir='ltr'>et</span> <span class='ocrx_word' id='word_1_99' title='bbox 612 1449 758 1482; x_wconf 88' lang='lat' dir='ltr'>iubilans.</span> 
     </span>
    </p>
   </div>
   <div class='ocr_carea' id='block_1_18' title="bbox 295 1534 709 1715">
    <p class='ocr_par' dir='ltr' id='par_1_22' title="bbox 296 1534 678 1574">
     <span class='ocr_line' id='line_1_34' title="bbox 296 1534 678 1574; baseline 0.003 -9"><span class='ocrx_word' id='word_1_100' title='bbox 296 1535 374 1572; x_wconf 78' lang='lat' dir='ltr'>Ave,</span> <span class='ocrx_word' id='word_1_101' title='bbox 401 1534 488 1574; x_wconf 84' lang='lat' dir='ltr'>virgo</span> <span class='ocrx_word' id='word_1_102' title='bbox 513 1542 678 1574; x_wconf 84' lang='lat' dir='ltr'>puerpera,</span> 
     </span>
    </p>

    <p class='ocr_par' dir='ltr' id='par_1_23' title="bbox 295 1580 709 1715">
     <span class='ocr_line' id='line_1_35' title="bbox 298 1580 692 1620; baseline 0 -8"><span class='ocrx_word' id='word_1_103' title='bbox 298 1581 383 1619; x_wconf 73' lang='lat' dir='ltr'>Quae</span> <span class='ocrx_word' id='word_1_104' title='bbox 408 1581 489 1613; x_wconf 86' lang='lat' dir='ltr'>mira</span> <span class='ocrx_word' id='word_1_105' title='bbox 512 1580 570 1613; x_wconf 90' lang='lat' dir='ltr'>Dei</span> <span class='ocrx_word' id='word_1_106' title='bbox 597 1590 692 1620; x_wconf 86' lang='lat' dir='ltr'>opera</span> 
     </span>
     <span class='ocr_line' id='line_1_36' title="bbox 295 1627 709 1660; baseline -0.002 -1"><span class='ocrx_word' id='word_1_107' title='bbox 295 1628 331 1659; x_wconf 88' lang='lat' dir='ltr'>In</span> <span class='ocrx_word' id='word_1_108' title='bbox 357 1632 388 1659; x_wconf 85' lang='lat' dir='ltr'>te</span> <span class='ocrx_word' id='word_1_109' title='bbox 413 1627 497 1659; x_wconf 81' lang='lat' dir='ltr'>facta</span> <span class='ocrx_word' id='word_1_110' title='bbox 522 1628 709 1660; x_wconf 82' lang='lat' dir='ltr'>christicolis</span> 
     </span>
     <span class='ocr_line' id='line_1_37' title="bbox 297 1674 645 1715; baseline 0.003 -9"><span class='ocrx_word' id='word_1_111' title='bbox 297 1674 459 1706; x_wconf 78' lang='lat' dir='ltr'>Nuntiasti</span> <span class='ocrx_word' id='word_1_112' title='bbox 484 1676 645 1715; x_wconf 86' lang='lat' dir='ltr'>apostolis.</span> 
     </span>
    </p>
   </div>
   <div class='ocr_carea' id='block_1_19' title="bbox 296 1760 816 1941">
    <p class='ocr_par' dir='ltr' id='par_1_24' title="bbox 296 1760 816 1941">
     <span class='ocr_line' id='line_1_38' title="bbox 298 1760 812 1804; baseline 0.004 -13"><span class='ocrx_word' id='word_1_113' title='bbox 298 1761 377 1800; x_wconf 87' lang='lat' dir='ltr'>Ave,</span> <span class='ocrx_word' id='word_1_114' title='bbox 404 1760 502 1800; x_wconf 86' lang='lat' dir='ltr'>virgo,</span> <span class='ocrx_word' id='word_1_115' title='bbox 527 1769 600 1799; x_wconf 90' lang='lat' dir='ltr'>spes</span> <span class='ocrx_word' id='word_1_116' title='bbox 625 1763 812 1804; x_wconf 86' lang='lat' dir='ltr'>sanctorum,</span> 
     </span>
     <span class='ocr_line' id='line_1_39' title="bbox 297 1807 756 1850; baseline -0.002 -11"><span class='ocrx_word' id='word_1_117' title='bbox 297 1807 414 1847; x_wconf 76' lang='lat' dir='ltr'>Saepta</span> <span class='ocrx_word' id='word_1_118' title='bbox 438 1808 541 1839; x_wconf 77' lang='lat' dir='ltr'>choris</span> <span class='ocrx_word' id='word_1_119' title='bbox 565 1809 756 1850; x_wconf 82' lang='lat' dir='ltr'>angelorum,</span> 
     </span>
     <span class='ocr_line' id='line_1_40' title="bbox 296 1854 816 1895; baseline 0.004 -10"><span class='ocrx_word' id='word_1_120' title='bbox 296 1854 340 1885; x_wconf 78' lang='lat' dir='ltr'>Te</span> <span class='ocrx_word' id='word_1_121' title='bbox 373 1859 564 1894; x_wconf 81' lang='lat' dir='ltr'>assumptam</span> <span class='ocrx_word' id='word_1_122' title='bbox 594 1864 690 1895; x_wconf 86' lang='lat' dir='ltr'>super</span> <span class='ocrx_word' id='word_1_123' title='bbox 715 1857 816 1887; x_wconf 87' lang='lat' dir='ltr'>caelos</span> 
     </span>
     <span class='ocr_line' id='line_1_41' title="bbox 296 1901 786 1941; baseline 0.004 -9"><span class='ocrx_word' id='word_1_124' title='bbox 296 1901 407 1933; x_wconf 91' lang='lat' dir='ltr'>Dulcis</span> <span class='ocrx_word' id='word_1_125' title='bbox 433 1902 525 1933; x_wconf 82' lang='lat' dir='ltr'>decet</span> <span class='ocrx_word' id='word_1_126' title='bbox 548 1902 654 1941; x_wconf 76' lang='lat' dir='ltr'>hymni</span> <span class='ocrx_word' id='word_1_127' title='bbox 680 1903 786 1938; x_wconf 82' lang='lat' dir='ltr'>melos,</span> 
     </span>
    </p>
   </div>
   <div class='ocr_carea' id='block_1_20' title="bbox 296 1981 790 2161">
    <p class='ocr_par' dir='ltr' id='par_1_25' title="bbox 296 1981 790 2069">
     <span class='ocr_line' id='line_1_42' title="bbox 297 1981 790 2024; baseline 0.006 -12"><span class='ocrx_word' id='word_1_128' title='bbox 297 1982 376 2020; x_wconf 82' lang='lat' dir='ltr'>Ave,</span> <span class='ocrx_word' id='word_1_129' title='bbox 402 1981 500 2024; x_wconf 75' lang='lat' dir='ltr'>virgo,</span> <span class='ocrx_word' id='word_1_130' title='bbox 527 1991 618 2021; x_wconf 84' lang='lat' dir='ltr'>quam</span> <span class='ocrx_word' id='word_1_131' title='bbox 643 1982 790 2023; x_wconf 84' lang='lat' dir='ltr'>probavit</span> 
     </span>
     <span class='ocr_line' id='line_1_43' title="bbox 296 2027 717 2069; baseline 0 -10"><span class='ocrx_word' id='word_1_132' title='bbox 296 2028 372 2068; x_wconf 83' lang='lat' dir='ltr'>Igne</span> <span class='ocrx_word' id='word_1_133' title='bbox 396 2027 481 2059; x_wconf 76' lang='lat' dir='ltr'>Deus</span> <span class='ocrx_word' id='word_1_134' title='bbox 507 2032 537 2059; x_wconf 89' lang='lat' dir='ltr'>et</span> <span class='ocrx_word' id='word_1_135' title='bbox 562 2029 717 2069; x_wconf 82' lang='lat' dir='ltr'>purgavit,</span> 
     </span>
    </p>

    <p class='ocr_par' dir='ltr' id='par_1_26' title="bbox 297 2075 747 2161">
     <span class='ocr_line' id='line_1_44' title="bbox 297 2075 747 2119; baseline 0.002 -13"><span class='ocrx_word' id='word_1_136' title='bbox 297 2075 343 2107; x_wconf 83' lang='lat' dir='ltr'>Ut</span> <span class='ocrx_word' id='word_1_137' title='bbox 363 2078 525 2113; x_wconf 81' lang='lat' dir='ltr'>argentum</span> <span class='ocrx_word' id='word_1_138' title='bbox 550 2076 747 2119; x_wconf 86' lang='lat' dir='ltr'>splenduisti,</span> 
     </span>
     <span class='ocr_line' id='line_1_45' title="bbox 299 2122 723 2161; baseline 0.005 -9"><span class='ocrx_word' id='word_1_139' title='bbox 299 2122 429 2161; x_wconf 78' lang='lat' dir='ltr'>Quando</span> <span class='ocrx_word' id='word_1_140' title='bbox 455 2122 553 2153; x_wconf 86' lang='lat' dir='ltr'>Deum</span> <span class='ocrx_word' id='word_1_141' title='bbox 580 2123 723 2161; x_wconf 83' lang='lat' dir='ltr'>genuisti.</span> 
     </span>
    </p>
   </div>
   <div class='ocr_carea' id='block_1_21' title="bbox 297 2201 793 2384">
    <p class='ocr_par' dir='ltr' id='par_1_27' title="bbox 297 2201 793 2384">
     <span class='ocr_line' id='line_1_46' title="bbox 300 2201 793 2246; baseline 0.002 -12"><span class='ocrx_word' id='word_1_142' title='bbox 300 2202 378 2246; x_wconf 83' lang='lat' dir='ltr'>Ave,</span> <span class='ocrx_word' id='word_1_143' title='bbox 407 2204 494 2233; x_wconf 88' lang='lat' dir='ltr'>terra</span> <span class='ocrx_word' id='word_1_144' title='bbox 518 2201 622 2234; x_wconf 87' lang='lat' dir='ltr'>ferens</span> <span class='ocrx_word' id='word_1_145' title='bbox 647 2203 793 2245; x_wconf 82' lang='lat' dir='ltr'>fructum,</span> 
     </span>
     <span class='ocr_line' id='line_1_47' title="bbox 299 2249 778 2294; baseline 0.004 -14"><span class='ocrx_word' id='word_1_146' title='bbox 299 2250 355 2289; x_wconf 74' lang='lat' dir='ltr'>Qui</span> <span class='ocrx_word' id='word_1_147' title='bbox 384 2249 517 2280; x_wconf 76' lang='lat' dir='ltr'>detersit</span> <span class='ocrx_word' id='word_1_148' title='bbox 538 2249 627 2281; x_wconf 76' lang='lat' dir='ltr'>Evae</span> <span class='ocrx_word' id='word_1_149' title='bbox 651 2251 778 2294; x_wconf 71' lang='lat' dir='ltr'>luctum,</span> 
     </span>
     <span class='ocr_line' id='line_1_48' title="bbox 299 2296 771 2338; baseline 0.006 -11"><span class='ocrx_word' id='word_1_150' title='bbox 299 2297 396 2336; x_wconf 79' lang='lat' dir='ltr'>Quam</span> <span class='ocrx_word' id='word_1_151' title='bbox 422 2296 475 2336; x_wconf 86' lang='lat' dir='ltr'>qui</span> <span class='ocrx_word' id='word_1_152' title='bbox 496 2297 549 2336; x_wconf 85' lang='lat' dir='ltr'>pie</span> <span class='ocrx_word' id='word_1_153' title='bbox 575 2297 771 2338; x_wconf 83' lang='lat' dir='ltr'>confitentur,</span> 
     </span>
     <span class='ocr_line' id='line_1_49' title="bbox 297 2343 714 2384; baseline 0.002 -9"><span class='ocrx_word' id='word_1_154' title='bbox 297 2344 393 2376; x_wconf 89' lang='lat' dir='ltr'>Vultu</span> <span class='ocrx_word' id='word_1_155' title='bbox 418 2343 477 2376; x_wconf 86' lang='lat' dir='ltr'>Dei</span> <span class='ocrx_word' id='word_1_156' title='bbox 501 2343 714 2384; x_wconf 80' lang='lat' dir='ltr'>perfruentur.</span> 
     </span>
    </p>
   </div>
   <div class='ocr_carea' id='block_1_22' title="bbox 882 181 935 214">
    <p class='ocr_par' dir='ltr' id='par_1_28' title="bbox 882 181 935 214">
     <span class='ocr_line' id='line_1_50' title="bbox 882 181 935 214; baseline 0.038 -3"><span class='ocrx_word' id='word_1_157' title='bbox 882 181 935 214; x_wconf 86' lang='lat'>17.</span> 
     </span>
    </p>
   </div>
   <div class='ocr_carea' id='block_1_23' title="bbox 884 407 936 439">
    <p class='ocr_par' dir='ltr' id='par_1_29' title="bbox 884 407 936 439">
     <span class='ocr_line' id='line_1_51' title="bbox 884 407 936 439; baseline 0 -1"><span class='ocrx_word' id='word_1_158' title='bbox 884 407 936 439; x_wconf 85' lang='lat'>18.</span> 
     </span>
    </p>
   </div>
   <div class='ocr_carea' id='block_1_24' title="bbox 885 632 938 664">
    <p class='ocr_par' dir='ltr' id='par_1_30' title="bbox 885 632 938 664">
     <span class='ocr_line' id='line_1_52' title="bbox 885 632 938 664; baseline 0.038 -2"><span class='ocrx_word' id='word_1_159' title='bbox 885 632 938 664; x_wconf 84' lang='lat'>19.</span> 
     </span>
    </p>
   </div>
   <div class='ocr_carea' id='block_1_25' title="bbox 884 860 937 892">
    <p class='ocr_par' dir='ltr' id='par_1_31' title="bbox 884 860 937 892">
     <span class='ocr_line' id='line_1_53' title="bbox 884 860 937 892; baseline 0.038 -2"><span class='ocrx_word' id='word_1_160' title='bbox 884 860 937 892; x_wconf 92' lang='lat'>20.</span> 
     </span>
    </p>
   </div>
   <div class='ocr_carea' id='block_1_26' title="bbox 885 1085 939 1116">
    <p class='ocr_par' dir='ltr' id='par_1_32' title="bbox 885 1085 939 1116">
     <span class='ocr_line' id='line_1_54' title="bbox 885 1085 939 1116; baseline 0 0"><span class='ocrx_word' id='word_1_161' title='bbox 885 1085 939 1116; x_wconf 80' lang='lat'>21.</span> 
     </span>
    </p>
   </div>
   <div class='ocr_carea' id='block_1_27' title="bbox 884 1311 938 1340">
    <p class='ocr_par' dir='ltr' id='par_1_33' title="bbox 884 1311 938 1340">
     <span class='ocr_line' id='line_1_55' title="bbox 884 1311 938 1340; baseline 0 0"><span class='ocrx_word' id='word_1_162' title='bbox 884 1311 938 1340; x_wconf 84' lang='lat'>22.</span> 
     </span>
    </p>
   </div>
   <div class='ocr_carea' id='block_1_28' title="bbox 885 1536 939 1567">
    <p class='ocr_par' dir='ltr' id='par_1_34' title="bbox 885 1536 939 1567">
     <span class='ocr_line' id='line_1_56' title="bbox 885 1536 939 1567; baseline 0.037 -2"><span class='ocrx_word' id='word_1_163' title='bbox 885 1536 939 1567; x_wconf 87' lang='lat'>23.</span> 
     </span>
    </p>
   </div>
   <div class='ocr_carea' id='block_1_29' title="bbox 887 1985 941 2016">
    <p class='ocr_par' dir='ltr' id='par_1_35' title="bbox 887 1985 941 2016">
     <span class='ocr_line' id='line_1_57' title="bbox 887 1985 941 2016; baseline 0 0"><span class='ocrx_word' id='word_1_164' title='bbox 887 1985 941 2016; x_wconf 89' lang='lat'>25.</span> 
     </span>
    </p>
   </div>
   <div class='ocr_carea' id='block_1_30' title="bbox 888 2207 942 2238">
    <p class='ocr_par' dir='ltr' id='par_1_36' title="bbox 888 2207 942 2238">
     <span class='ocr_line' id='line_1_58' title="bbox 888 2207 942 2238; baseline 0 0"><span class='ocrx_word' id='word_1_165' title='bbox 888 2207 942 2238; x_wconf 83' lang='lat'>26.</span> 
     </span>
    </p>
   </div>
   <div class='ocr_carea' id='block_1_31' title="bbox 960 180 1472 355">
    <p class='ocr_par' dir='ltr' id='par_1_37' title="bbox 960 180 1472 355">
     <span class='ocr_line' id='line_1_59' title="bbox 960 180 1472 222; baseline -0.004 -10"><span class='ocrx_word' id='word_1_166' title='bbox 960 181 1039 221; x_wconf 80' lang='lat' dir='ltr'>Ave⁷</span> <span class='ocrx_word' id='word_1_167' title='bbox 1067 183 1106 213; x_wconf 91' lang='lat' dir='ltr'>de</span> <span class='ocrx_word' id='word_1_168' title='bbox 1131 191 1191 222; x_wconf 86' lang='lat' dir='ltr'>qua</span> <span class='ocrx_word' id='word_1_169' title='bbox 1211 191 1299 213; x_wconf 90' lang='lat' dir='ltr'>mons</span> <span class='ocrx_word' id='word_1_170' title='bbox 1324 180 1472 213; x_wconf 77' lang='lat' dir='ltr'>montium</span> 
     </span>
     <span class='ocr_line' id='line_1_60' title="bbox 963 227 1385 269; baseline 0 -10"><span class='ocrx_word' id='word_1_171' title='bbox 963 227 1037 259; x_wconf 87' lang='lat' dir='ltr'>Sine</span> <span class='ocrx_word' id='word_1_172' title='bbox 1061 238 1153 260; x_wconf 86' lang='lat' dir='ltr'>manu</span> <span class='ocrx_word' id='word_1_173' title='bbox 1180 229 1385 269; x_wconf 85' lang='lat' dir='ltr'>caedentium,</span> 
     </span>
     <span class='ocr_line' id='line_1_61' title="bbox 963 275 1434 316; baseline -0.002 -11"><span class='ocrx_word' id='word_1_174' title='bbox 963 275 1068 306; x_wconf 88' lang='lat' dir='ltr'>Primo</span> <span class='ocrx_word' id='word_1_175' title='bbox 1092 275 1184 316; x_wconf 82' lang='lat' dir='ltr'>lapis,</span> <span class='ocrx_word' id='word_1_176' title='bbox 1210 284 1299 307; x_wconf 90' lang='lat' dir='ltr'>mons</span> <span class='ocrx_word' id='word_1_177' title='bbox 1324 277 1434 314; x_wconf 89' lang='lat' dir='ltr'>postea</span> 
     </span>
     <span class='ocr_line' id='line_1_62' title="bbox 962 321 1364 355; baseline 0.002 -3"><span class='ocrx_word' id='word_1_178' title='bbox 962 321 997 352; x_wconf 94' lang='lat' dir='ltr'>In</span> <span class='ocrx_word' id='word_1_179' title='bbox 1024 322 1132 353; x_wconf 91' lang='lat' dir='ltr'>mundi</span> <span class='ocrx_word' id='word_1_180' title='bbox 1157 323 1257 353; x_wconf 79' lang='lat' dir='ltr'>crevit</span> <span class='ocrx_word' id='word_1_181' title='bbox 1281 330 1364 355; x_wconf 90' lang='lat' dir='ltr'>area.</span> 
     </span>
    </p>
   </div>
   <div class='ocr_carea' id='block_1_32' title="bbox 962 406 1398 580">
    <p class='ocr_par' dir='ltr' id='par_1_38' title="bbox 962 406 1398 580">
     <span class='ocr_line' id='line_1_63' title="bbox 962 406 1398 448; baseline -0.002 -11"><span class='ocrx_word' id='word_1_182' title='bbox 962 406 1040 448; x_wconf 88' lang='lat' dir='ltr'>Ave,</span> <span class='ocrx_word' id='word_1_183' title='bbox 1068 406 1166 445; x_wconf 84' lang='lat' dir='ltr'>virgo,</span> <span class='ocrx_word' id='word_1_184' title='bbox 1194 407 1280 437; x_wconf 86' lang='lat' dir='ltr'>cuius</span> <span class='ocrx_word' id='word_1_185' title='bbox 1306 408 1398 437; x_wconf 79' lang='lat' dir='ltr'>natus</span> 
     </span>
     <span class='ocr_line' id='line_1_64' title="bbox 962 452 1364 493; baseline -0.002 -9"><span class='ocrx_word' id='word_1_186' title='bbox 962 453 992 484; x_wconf 91' lang='lat' dir='ltr'>A</span> <span class='ocrx_word' id='word_1_187' title='bbox 1016 452 1141 484; x_wconf 88' lang='lat' dir='ltr'>Iudaeis</span> <span class='ocrx_word' id='word_1_188' title='bbox 1167 456 1215 484; x_wconf 87' lang='lat' dir='ltr'>est</span> <span class='ocrx_word' id='word_1_189' title='bbox 1238 454 1364 493; x_wconf 85' lang='lat' dir='ltr'>potatus</span> 
     </span>
     <span class='ocr_line' id='line_1_65' title="bbox 962 500 1346 541; baseline 0 -11"><span class='ocrx_word' id='word_1_190' title='bbox 962 500 1053 531; x_wconf 72' lang='lat' dir='ltr'>Folle</span> <span class='ocrx_word' id='word_1_191' title='bbox 1076 500 1168 531; x_wconf 87' lang='lat' dir='ltr'>simul</span> <span class='ocrx_word' id='word_1_192' title='bbox 1194 502 1226 531; x_wconf 81' lang='lat' dir='ltr'>et</span> <span class='ocrx_word' id='word_1_193' title='bbox 1248 502 1346 541; x_wconf 82' lang='lat' dir='ltr'>aceto,</span> 
     </span>
     <span class='ocr_line' id='line_1_66' title="bbox 964 546 1368 580; baseline 0 -2"><span class='ocrx_word' id='word_1_194' title='bbox 964 546 1009 578; x_wconf 83' lang='lat' dir='ltr'>Te</span> <span class='ocrx_word' id='word_1_195' title='bbox 1030 547 1157 578; x_wconf 86' lang='lat' dir='ltr'>vidente</span> <span class='ocrx_word' id='word_1_196' title='bbox 1182 547 1273 578; x_wconf 86' lang='lat' dir='ltr'>datus</span> <span class='ocrx_word' id='word_1_197' title='bbox 1295 547 1368 580; x_wconf 89' lang='lat' dir='ltr'>leto.</span> 
     </span>
    </p>
   </div>
   <div class='ocr_carea' id='block_1_33' title="bbox 964 632 1414 811">
    <p class='ocr_par' dir='ltr' id='par_1_39' title="bbox 964 632 1414 811">
     <span class='ocr_line' id='line_1_67' title="bbox 964 632 1379 672; baseline 0.002 -10"><span class='ocrx_word' id='word_1_198' title='bbox 964 632 1043 671; x_wconf 86' lang='lat' dir='ltr'>Ave,</span> <span class='ocrx_word' id='word_1_199' title='bbox 1071 640 1190 671; x_wconf 83' lang='lat' dir='ltr'>pauper</span> <span class='ocrx_word' id='word_1_200' title='bbox 1215 636 1247 664; x_wconf 83' lang='lat' dir='ltr'>et</span> <span class='ocrx_word' id='word_1_201' title='bbox 1272 640 1379 672; x_wconf 82' lang='lat' dir='ltr'>egena,</span> 
     </span>
     <span class='ocr_line' id='line_1_68' title="bbox 966 678 1373 718; baseline 0.002 -9"><span class='ocrx_word' id='word_1_202' title='bbox 966 678 1145 710; x_wconf 85' lang='lat' dir='ltr'>Gratiarum</span> <span class='ocrx_word' id='word_1_203' title='bbox 1171 688 1245 710; x_wconf 91' lang='lat' dir='ltr'>vere</span> <span class='ocrx_word' id='word_1_204' title='bbox 1268 679 1373 718; x_wconf 91' lang='lat' dir='ltr'>plena,</span> 
     </span>
     <span class='ocr_line' id='line_1_69' title="bbox 964 725 1404 764; baseline 0.002 -8"><span class='ocrx_word' id='word_1_205' title='bbox 964 725 1023 756; x_wconf 87' lang='lat' dir='ltr'>Est</span> <span class='ocrx_word' id='word_1_206' title='bbox 1045 726 1172 757; x_wconf 90' lang='lat' dir='ltr'>adiutor</span> <span class='ocrx_word' id='word_1_207' title='bbox 1197 727 1282 757; x_wconf 91' lang='lat' dir='ltr'>cuius</span> <span class='ocrx_word' id='word_1_208' title='bbox 1308 726 1404 764; x_wconf 84' lang='lat' dir='ltr'>Deus,</span> 
     </span>
     <span class='ocr_line' id='line_1_70' title="bbox 965 773 1414 811; baseline 0.002 -8"><span class='ocrx_word' id='word_1_209' title='bbox 965 773 1029 811; x_wconf 84' lang='lat' dir='ltr'>Quo</span> <span class='ocrx_word' id='word_1_210' title='bbox 1054 774 1194 804; x_wconf 82' lang='lat' dir='ltr'>salvatur</span> <span class='ocrx_word' id='word_1_211' title='bbox 1220 773 1309 804; x_wconf 90' lang='lat' dir='ltr'>homo</span> <span class='ocrx_word' id='word_1_212' title='bbox 1333 781 1414 804; x_wconf 88' lang='lat' dir='ltr'>reus.</span> 
     </span>
    </p>
   </div>
   <div class='ocr_carea' id='block_1_34' title="bbox 963 858 1485 1032">
    <p class='ocr_par' dir='ltr' id='par_1_40' title="bbox 963 858 1485 1032">
     <span class='ocr_line' id='line_1_71' title="bbox 963 858 1384 899; baseline 0 -10"><span class='ocrx_word' id='word_1_213' title='bbox 963 859 1042 898; x_wconf 82' lang='lat' dir='ltr'>Ave,</span> <span class='ocrx_word' id='word_1_214' title='bbox 1069 867 1159 899; x_wconf 81' lang='lat' dir='ltr'>quam</span> <span class='ocrx_word' id='word_1_215' title='bbox 1186 858 1270 890; x_wconf 87' lang='lat' dir='ltr'>Deus</span> <span class='ocrx_word' id='word_1_216' title='bbox 1295 859 1384 899; x_wconf 84' lang='lat' dir='ltr'>aluit,</span> 
     </span>
     <span class='ocr_line' id='line_1_72' title="bbox 964 905 1485 945; baseline -0.002 -9"><span class='ocrx_word' id='word_1_217' title='bbox 964 905 1062 943; x_wconf 79' lang='lat' dir='ltr'>Quam</span> <span class='ocrx_word' id='word_1_218' title='bbox 1094 905 1222 937; x_wconf 88' lang='lat' dir='ltr'>verbum</span> <span class='ocrx_word' id='word_1_219' title='bbox 1243 905 1343 945; x_wconf 84' lang='lat' dir='ltr'>patris</span> <span class='ocrx_word' id='word_1_220' title='bbox 1370 905 1485 944; x_wconf 89' lang='lat' dir='ltr'>docuit,</span> 
     </span>
     <span class='ocr_line' id='line_1_73' title="bbox 964 951 1283 984; baseline 0 -1"><span class='ocrx_word' id='word_1_221' title='bbox 964 951 1011 984; x_wconf 83' lang='lat' dir='ltr'>Ut</span> <span class='ocrx_word' id='word_1_222' title='bbox 1034 952 1100 983; x_wconf 89' lang='lat' dir='ltr'>eius</span> <span class='ocrx_word' id='word_1_223' title='bbox 1125 951 1283 984; x_wconf 89' lang='lat' dir='ltr'>mirabilia</span> 
     </span>
     <span class='ocr_line' id='line_1_74' title="bbox 964 998 1327 1032; baseline 0.006 -2"><span class='ocrx_word' id='word_1_224' title='bbox 964 998 1190 1031; x_wconf 87' lang='lat' dir='ltr'>Pronuntiares</span> <span class='ocrx_word' id='word_1_225' title='bbox 1214 999 1327 1032; x_wconf 85' lang='lat' dir='ltr'>omnia.</span> 
     </span>
    </p>
   </div>
   <div class='ocr_carea' id='block_1_35' title="bbox 964 1082 1378 1263">
    <p class='ocr_par' dir='ltr' id='par_1_41' title="bbox 964 1082 1378 1263">
     <span class='ocr_line' id='line_1_75' title="bbox 965 1082 1336 1124; baseline -0.003 -9"><span class='ocrx_word' id='word_1_226' title='bbox 965 1084 1045 1121; x_wconf 81' lang='lat' dir='ltr'>Ave,</span> <span class='ocrx_word' id='word_1_227' title='bbox 1069 1082 1200 1123; x_wconf 79' lang='lat' dir='ltr'>perfusa</span> <span class='ocrx_word' id='word_1_228' title='bbox 1224 1084 1336 1124; x_wconf 77' lang='lat' dir='ltr'>gratia,</span> 
     </span>
     <span class='ocr_line' id='line_1_76' title="bbox 965 1130 1378 1169; baseline 0 -7"><span class='ocrx_word' id='word_1_229' title='bbox 965 1130 1009 1162; x_wconf 79' lang='lat' dir='ltr'>Ut</span> <span class='ocrx_word' id='word_1_230' title='bbox 1033 1132 1114 1162; x_wconf 88' lang='lat' dir='ltr'>solet</span> <span class='ocrx_word' id='word_1_231' title='bbox 1137 1132 1236 1162; x_wconf 86' lang='lat' dir='ltr'>vellus</span> <span class='ocrx_word' id='word_1_232' title='bbox 1260 1131 1378 1169; x_wconf 86' lang='lat' dir='ltr'>pluvia,</span> 
     </span>
     <span class='ocr_line' id='line_1_77' title="bbox 964 1174 1291 1210; baseline -0.003 -1"><span class='ocrx_word' id='word_1_233' title='bbox 964 1174 1061 1209; x_wconf 86' lang='lat' dir='ltr'>Cuius</span> <span class='ocrx_word' id='word_1_234' title='bbox 1087 1177 1291 1210; x_wconf 83' lang='lat' dir='ltr'>exuberant-ia</span> 
     </span>
     <span class='ocr_line' id='line_1_78' title="bbox 965 1224 1373 1263; baseline 0.005 -9"><span class='ocrx_word' id='word_1_235' title='bbox 965 1224 1077 1255; x_wconf 81' lang='lat' dir='ltr'>Mundi</span> <span class='ocrx_word' id='word_1_236' title='bbox 1102 1225 1238 1262; x_wconf 83' lang='lat' dir='ltr'>replevit</span> <span class='ocrx_word' id='word_1_237' title='bbox 1260 1225 1373 1263; x_wconf 75' lang='lat' dir='ltr'>spatia.</span> 
     </span>
    </p>
   </div>
   <div class='ocr_carea' id='block_1_36' title="bbox 964 1309 1438 1482">
    <p class='ocr_par' dir='ltr' id='par_1_42' title="bbox 964 1309 1438 1482">
     <span class='ocr_line' id='line_1_79' title="bbox 964 1309 1438 1348; baseline 0.002 -9"><span class='ocrx_word' id='word_1_238' title='bbox 964 1309 1043 1348; x_wconf 87' lang='lat' dir='ltr'>Ave,</span> <span class='ocrx_word' id='word_1_239' title='bbox 1069 1317 1148 1348; x_wconf 87' lang='lat' dir='ltr'>quae</span> <span class='ocrx_word' id='word_1_240' title='bbox 1170 1309 1250 1340; x_wconf 91' lang='lat' dir='ltr'>nihil</span> <span class='ocrx_word' id='word_1_241' title='bbox 1273 1317 1438 1348; x_wconf 82' lang='lat' dir='ltr'>perperam</span> 
     </span>
     <span class='ocr_line' id='line_1_80' title="bbox 966 1355 1409 1395; baseline 0.002 -9"><span class='ocrx_word' id='word_1_242' title='bbox 966 1355 1109 1395; x_wconf 77' lang='lat' dir='ltr'>Gessisti,</span> <span class='ocrx_word' id='word_1_243' title='bbox 1136 1356 1222 1386; x_wconf 86' lang='lat' dir='ltr'>cuius</span> <span class='ocrx_word' id='word_1_244' title='bbox 1249 1355 1409 1387; x_wconf 83' lang='lat' dir='ltr'>dexteram</span> 
     </span>
     <span class='ocr_line' id='line_1_81' title="bbox 967 1402 1379 1441; baseline 0 -7"><span class='ocrx_word' id='word_1_245' title='bbox 967 1402 1092 1434; x_wconf 81' lang='lat' dir='ltr'>Christo</span> <span class='ocrx_word' id='word_1_246' title='bbox 1117 1405 1243 1434; x_wconf 88' lang='lat' dir='ltr'>tenente</span> <span class='ocrx_word' id='word_1_247' title='bbox 1269 1403 1379 1441; x_wconf 88' lang='lat' dir='ltr'>pervia</span> 
     </span>
     <span class='ocr_line' id='line_1_82' title="bbox 968 1449 1352 1482; baseline 0 -1"><span class='ocrx_word' id='word_1_248' title='bbox 968 1449 1055 1481; x_wconf 87' lang='lat' dir='ltr'>Caeli</span> <span class='ocrx_word' id='word_1_249' title='bbox 1080 1449 1136 1480; x_wconf 83' lang='lat' dir='ltr'>tibi</span> <span class='ocrx_word' id='word_1_250' title='bbox 1163 1454 1236 1480; x_wconf 87' lang='lat' dir='ltr'>sunt</span> <span class='ocrx_word' id='word_1_251' title='bbox 1260 1449 1352 1482; x_wconf 84' lang='lat' dir='ltr'>atria.</span> 
     </span>
    </p>
   </div>
   <div class='ocr_carea' id='block_1_37' title="bbox 965 1535 1490 1714">
    <p class='ocr_par' dir='ltr' id='par_1_43' title="bbox 965 1535 1490 1714">
     <span class='ocr_line' id='line_1_83' title="bbox 965 1535 1418 1574; baseline 0.002 -8"><span class='ocrx_word' id='word_1_252' title='bbox 965 1535 1047 1573; x_wconf 81' lang='lat' dir='ltr'>Ave,</span> <span class='ocrx_word' id='word_1_253' title='bbox 1073 1543 1134 1574; x_wconf 83' lang='lat' dir='ltr'>qua</span> <span class='ocrx_word' id='word_1_254' title='bbox 1158 1535 1267 1565; x_wconf 78' lang='lat' dir='ltr'>mortis</span> <span class='ocrx_word' id='word_1_255' title='bbox 1293 1535 1418 1567; x_wconf 86' lang='lat' dir='ltr'>vincula</span> 
     </span>
     <span class='ocr_line' id='line_1_84' title="bbox 966 1580 1408 1623; baseline 0.005 -11"><span class='ocrx_word' id='word_1_256' title='bbox 966 1580 1068 1612; x_wconf 85' lang='lat' dir='ltr'>Solvit</span> <span class='ocrx_word' id='word_1_257' title='bbox 1092 1590 1147 1612; x_wconf 85' lang='lat' dir='ltr'>rex</span> <span class='ocrx_word' id='word_1_258' title='bbox 1173 1585 1245 1613; x_wconf 91' lang='lat' dir='ltr'>ante</span> <span class='ocrx_word' id='word_1_259' title='bbox 1270 1583 1408 1623; x_wconf 88' lang='lat' dir='ltr'>saecula,</span> 
     </span>
     <span class='ocr_line' id='line_1_85' title="bbox 966 1627 1340 1667; baseline 0 -8"><span class='ocrx_word' id='word_1_260' title='bbox 966 1627 1103 1659; x_wconf 88' lang='lat' dir='ltr'>Salutem</span> <span class='ocrx_word' id='word_1_261' title='bbox 1122 1632 1269 1667; x_wconf 86' lang='lat' dir='ltr'>operatus</span> <span class='ocrx_word' id='word_1_262' title='bbox 1292 1633 1340 1660; x_wconf 84' lang='lat' dir='ltr'>est</span> 
     </span>
     <span class='ocr_line' id='line_1_86' title="bbox 967 1675 1490 1714; baseline 0.006 -8"><span class='ocrx_word' id='word_1_263' title='bbox 967 1675 1125 1714; x_wconf 79' lang='lat' dir='ltr'>Nostram,</span> <span class='ocrx_word' id='word_1_264' title='bbox 1150 1684 1218 1706; x_wconf 85' lang='lat' dir='ltr'>cuin</span> <span class='ocrx_word' id='word_1_265' title='bbox 1233 1677 1272 1708; x_wconf 85' lang='lat' dir='ltr'>de</span> <span class='ocrx_word' id='word_1_266' title='bbox 1284 1679 1317 1707; x_wconf 82' lang='lat' dir='ltr'>te</span> <span class='ocrx_word' id='word_1_267' title='bbox 1327 1679 1419 1708; x_wconf 91' lang='lat' dir='ltr'>natus</span> <span class='ocrx_word' id='word_1_268' title='bbox 1433 1680 1490 1709; x_wconf 87' lang='lat' dir='ltr'>est.</span> 
     </span>
    </p>
   </div>
   <div class='ocr_carea' id='block_1_38' title="bbox 966 1761 1486 1936">
    <p class='ocr_par' dir='ltr' id='par_1_44' title="bbox 966 1761 1486 1936">
     <span class='ocr_line' id='line_1_87' title="bbox 966 1761 1424 1803; baseline 0.002 -11"><span class='ocrx_word' id='word_1_269' title='bbox 966 1761 1044 1802; x_wconf 85' lang='lat' dir='ltr'>Ave,</span> <span class='ocrx_word' id='word_1_270' title='bbox 1071 1761 1176 1800; x_wconf 83' lang='lat' dir='ltr'>prima</span> <span class='ocrx_word' id='word_1_271' title='bbox 1200 1763 1424 1803; x_wconf 86' lang='lat' dir='ltr'>columnarum,</span> 
     </span>
     <span class='ocr_line' id='line_1_88' title="bbox 966 1808 1486 1852; baseline 0.002 -13"><span class='ocrx_word' id='word_1_272' title='bbox 966 1808 1081 1840; x_wconf 83' lang='lat' dir='ltr'>Orbem</span> <span class='ocrx_word' id='word_1_273' title='bbox 1091 1812 1220 1848; x_wconf 80' lang='lat' dir='ltr'>portant</span> <span class='ocrx_word' id='word_1_274' title='bbox 1231 1818 1312 1849; x_wconf 80' lang='lat' dir='ltr'>quae</span> <span class='ocrx_word' id='word_1_275' title='bbox 1321 1812 1486 1852; x_wconf 84' lang='lat' dir='ltr'>terrarum,</span> 
     </span>
     <span class='ocr_line' id='line_1_89' title="bbox 967 1855 1447 1895; baseline 0.002 -9"><span class='ocrx_word' id='word_1_276' title='bbox 967 1855 1072 1887; x_wconf 88' lang='lat' dir='ltr'>Cornu</span> <span class='ocrx_word' id='word_1_277' title='bbox 1094 1855 1243 1895; x_wconf 78' lang='lat' dir='ltr'>frangens</span> <span class='ocrx_word' id='word_1_278' title='bbox 1268 1856 1447 1889; x_wconf 89' lang='lat' dir='ltr'>sublimium</span> 
     </span>
     <span class='ocr_line' id='line_1_90' title="bbox 966 1902 1370 1936; baseline 0.002 -1"><span class='ocrx_word' id='word_1_279' title='bbox 966 1902 1010 1935; x_wconf 81' lang='lat' dir='ltr'>Et</span> <span class='ocrx_word' id='word_1_280' title='bbox 1034 1904 1176 1935; x_wconf 81' lang='lat' dir='ltr'>exaltans</span> <span class='ocrx_word' id='word_1_281' title='bbox 1197 1903 1370 1936; x_wconf 87' lang='lat' dir='ltr'>humilium.</span> 
     </span>
    </p>
   </div>
   <div class='ocr_carea' id='block_1_39' title="bbox 967 1982 1495 2165">
    <p class='ocr_par' dir='ltr' id='par_1_45' title="bbox 967 1982 1346 2023">
     <span class='ocr_line' id='line_1_91' title="bbox 967 1982 1346 2023; baseline -0.003 -8"><span class='ocrx_word' id='word_1_282' title='bbox 967 1983 1047 2020; x_wconf 85' lang='lat' dir='ltr'>Ave,</span> <span class='ocrx_word' id='word_1_283' title='bbox 1075 1982 1124 2015; x_wconf 89' lang='lat' dir='ltr'>cui</span> <span class='ocrx_word' id='word_1_284' title='bbox 1147 1983 1233 2015; x_wconf 90' lang='lat' dir='ltr'>locus</span> <span class='ocrx_word' id='word_1_285' title='bbox 1258 1983 1346 2023; x_wconf 85' lang='lat' dir='ltr'>pacis</span> 
     </span>
    </p>

    <p class='ocr_par' dir='ltr' id='par_1_46' title="bbox 967 2030 1495 2165">
     <span class='ocr_line' id='line_1_92' title="bbox 967 2030 1492 2071; baseline 0 -8"><span class='ocrx_word' id='word_1_286' title='bbox 967 2030 1031 2063; x_wconf 83' lang='lat' dir='ltr'>Dat</span> <span class='ocrx_word' id='word_1_287' title='bbox 1053 2032 1198 2071; x_wconf 82' lang='lat' dir='ltr'>quietem,</span> <span class='ocrx_word' id='word_1_288' title='bbox 1218 2030 1278 2069; x_wconf 89' lang='lat' dir='ltr'>fac,</span> <span class='ocrx_word' id='word_1_289' title='bbox 1297 2031 1380 2070; x_wconf 88' lang='lat' dir='ltr'>quod</span> <span class='ocrx_word' id='word_1_290' title='bbox 1401 2030 1492 2071; x_wconf 81' lang='lat' dir='ltr'>facis,</span> 
     </span>
     <span class='ocr_line' id='line_1_93' title="bbox 968 2077 1495 2120; baseline 0.006 -12"><span class='ocrx_word' id='word_1_291' title='bbox 968 2078 1031 2109; x_wconf 89' lang='lat' dir='ltr'>Ora</span> <span class='ocrx_word' id='word_1_292' title='bbox 1055 2087 1112 2117; x_wconf 88' lang='lat' dir='ltr'>pro</span> <span class='ocrx_word' id='word_1_293' title='bbox 1138 2077 1203 2116; x_wconf 83' lang='lat' dir='ltr'>his,</span> <span class='ocrx_word' id='word_1_294' title='bbox 1230 2086 1307 2117; x_wconf 89' lang='lat' dir='ltr'>quos</span> <span class='ocrx_word' id='word_1_295' title='bbox 1331 2078 1495 2120; x_wconf 85' lang='lat' dir='ltr'>impugnat</span> 
     </span>
     <span class='ocr_line' id='line_1_94' title="bbox 970 2124 1493 2165; baseline 0.006 -9"><span class='ocrx_word' id='word_1_296' title='bbox 970 2124 1069 2165; x_wconf 84' lang='lat' dir='ltr'>Caro,</span> <span class='ocrx_word' id='word_1_297' title='bbox 1103 2124 1201 2155; x_wconf 85' lang='lat' dir='ltr'>menti</span> <span class='ocrx_word' id='word_1_298' title='bbox 1225 2133 1304 2164; x_wconf 87' lang='lat' dir='ltr'>quae</span> <span class='ocrx_word' id='word_1_299' title='bbox 1328 2129 1493 2165; x_wconf 82' lang='lat' dir='ltr'>repugnat.</span> 
     </span>
    </p>
   </div>
   <div class='ocr_carea' id='block_1_40' title="bbox 969 2205 1434 2387">
    <p class='ocr_par' dir='ltr' id='par_1_47' title="bbox 969 2205 1434 2387">
     <span class='ocr_line' id='line_1_95' title="bbox 969 2205 1434 2248; baseline 0.002 -11"><span class='ocrx_word' id='word_1_300' title='bbox 969 2206 1049 2245; x_wconf 89' lang='lat' dir='ltr'>Ave,</span> <span class='ocrx_word' id='word_1_301' title='bbox 1075 2205 1174 2245; x_wconf 85' lang='lat' dir='ltr'>virgo,</span> <span class='ocrx_word' id='word_1_302' title='bbox 1201 2212 1281 2244; x_wconf 87' lang='lat' dir='ltr'>quae</span> <span class='ocrx_word' id='word_1_303' title='bbox 1307 2206 1434 2248; x_wconf 58' lang='lat' dir='ltr'>cogitas„</span> 
     </span>
     <span class='ocr_line' id='line_1_96' title="bbox 969 2251 1402 2296; baseline 0.005 -13"><span class='ocrx_word' id='word_1_304' title='bbox 969 2253 1056 2292; x_wconf 75' lang='lat' dir='ltr'>Quae</span> <span class='ocrx_word' id='word_1_305' title='bbox 1078 2252 1120 2283; x_wconf 84' lang='lat' dir='ltr'>sit</span> <span class='ocrx_word' id='word_1_306' title='bbox 1145 2251 1209 2282; x_wconf 85' lang='lat' dir='ltr'>diei</span> <span class='ocrx_word' id='word_1_307' title='bbox 1233 2252 1402 2296; x_wconf 80' lang='lat' dir='ltr'>quantitas,</span> 
     </span>
     <span class='ocr_line' id='line_1_97' title="bbox 971 2298 1386 2339; baseline -0.002 -6"><span class='ocrx_word' id='word_1_308' title='bbox 971 2299 1066 2333; x_wconf 86' lang='lat' dir='ltr'>Cuius</span> <span class='ocrx_word' id='word_1_309' title='bbox 1090 2298 1161 2330; x_wconf 89' lang='lat' dir='ltr'>finis</span> <span class='ocrx_word' id='word_1_310' title='bbox 1187 2299 1291 2330; x_wconf 89' lang='lat' dir='ltr'>nullus</span> <span class='ocrx_word' id='word_1_311' title='bbox 1317 2300 1386 2339; x_wconf 83' lang='lat' dir='ltr'>erit,</span> 
     </span>
     <span class='ocr_line' id='line_1_98' title="bbox 969 2346 1410 2387; baseline 0.002 -8"><span class='ocrx_word' id='word_1_312' title='bbox 969 2346 1034 2379; x_wconf 90' lang='lat' dir='ltr'>Ubi</span> <span class='ocrx_word' id='word_1_313' title='bbox 1058 2354 1188 2386; x_wconf 85' lang='lat' dir='ltr'>prorsus</span> <span class='ocrx_word' id='word_1_314' title='bbox 1213 2346 1292 2379; x_wconf 90' lang='lat' dir='ltr'>nihil</span> <span class='ocrx_word' id='word_1_315' title='bbox 1316 2348 1410 2387; x_wconf 88' lang='lat' dir='ltr'>perit.</span> 
     </span>
    </p>
   </div>
  </div>
 </body>
</html>
