1650 2612
707 104 941 139 ..96-

420 194 477 233 495
503 201 582 240 Ave,
608 201 690 240 Iesu,
717 199 770 239 qui
795 208 827 231 es
851 199 937 232 Deus
964 201 1102 244 deorum,

421 405 475 438 50.

501 247 594 289 Solis,
619 247 713 278 lunae
737 249 862 279 creator
888 250 922 278 et
943 249 1117 287 stellarum,

501 293 577 334 Fae,
601 301 797 334 quaesumus.
820 296 857 324 ut
879 299 988 327 nostra
1012 296 1197 327 holocausta

502 340 574 371 Tibi
599 342 690 379 grata
713 340 778 371 sint
800 348 925 380 semper
949 345 981 373 et
1004 344 1145 382 accepta.

501 405 579 447 Ave,
605 405 687 447 Iesu,
715 405 765 436 cui
789 405 848 436 soli
871 406 1002 445 peceavi

499 451 542 482 Et
565 460 656 490 quem
680 452 758 482 meis
782 453 921 491 peccatis
944 452 1078 492 irritavi,

501 497 616 537 Meam,
643 506 769 539 quaeso,
797 499 868 530 dele
890 499 1088 538 iniquitatem

502 544 601 576 Tuam
625 553 684 584 per
707 544 862 576 infinitam
887 545 1068 578 bonitatem.

559 637 750 669 Secunda
781 639 1093 679 Quinquagena.

466 738 474 746 .
500 713 578 751 Ave,
603 713 685 752 Iesu,
712 713 765 752 qui
789 722 822 745 es
846 723 943 754 agnus
968 715 1037 746 sine
1060 714 1192 753 macula,

500 759 558 798 Qui
584 759 719 791 destruis
744 762 852 799 gentes
877 763 910 791 et
934 769 1041 793 eorum
1063 760 1161 801 idola,

499 806 549 837 Ne
572 807 688 845 perdas
712 815 769 838 nos
793 807 943 847 gloriatos
967 808 1000 839 in
1024 807 1155 849 malitia,

499 853 535 884 In
558 862 688 892 quorum
711 853 819 893 lingua
843 855 964 886 exstitit
987 854 1153 887 iniustitia.

468 944 474 951 .
499 919 579 958 Ave,
603 918 686 958 Iesu,
709 919 764 958 qui
787 927 821 950 es
843 919 930 951 Deus
954 928 1059 958 verus,

499 965 596 1004 Quem
619 968 713 1005 negat
736 966 887 1006 insipiens
914 967 1044 1007 delirus,

499 1011 563 1043 Sed
588 1012 654 1043 eius
678 1012 784 1044 studia
807 1016 879 1044 sunt
903 1016 1062 1053 corrupta,

500 1057 617 1089 Natum
642 1059 695 1098 qui
718 1062 813 1099 negat
838 1060 877 1091 de
900 1060 1094 1100 incorrupta.

467 1158 474 1165 .
500 1133 579 1172 Ave,
605 1133 687 1175 1esu,
713 1134 766 1173 qui
789 1134 822 1165 in
846 1137 900 1166 tuo
923 1135 1050 1166 nomine

501 1180 628 1212 Salvum
655 1189 705 1212 me
728 1179 807 1212 facis
829 1181 870 1213 ab
896 1182 981 1213 omni
1004 1182 1141 1222 homine,

500 1226 551 1258 Ne
573 1235 623 1257 me
647 1227 768 1259 iudices
792 1228 826 1259 in
849 1230 906 1259 tua
929 1229 1056 1268 virtute,

500 1273 580 1312 Quia
600 1274 688 1312 gravi
711 1282 839 1313 premor
861 1275 1036 1314 iniquitate.

442 1348 473 1379 4.
495 1348 575 1388 Ave,
600 1349 681 1389 Iesu,
708 1349 761 1389 qui
783 1350 982 1389 temetipsum
1008 1349 1213 1390 conturbasti,

440 1565 470 1596 5.

501 1395 631 1433 Quando
655 1395 809 1428 Lazarum
837 1397 876 1428 de
899 1400 1098 1429 monumento
1122 1397 1253 1437 vocasti,

501 1442 596 1474 Salva
619 1451 679 1482 me,
706 1452 831 1484 quaeso,
855 1453 874 1475 a
897 1444 1158 1483 pusillanimitate

498 1488 614 1529 Meque
634 1489 738 1522 libera
759 1499 777 1521 a
804 1491 988 1522 daemonum
1012 1493 1210 1532 tempestate.

496 1564 575 1604 Ave,
601 1565 682 1606 Iesu,
707 1567 742 1596 tu
766 1565 902 1596 omnium
924 1566 1085 1598 misereris

498 1609 546 1643 Ut
567 1611 704 1651 ludaeis,
731 1621 750 1643 a
774 1612 886 1652 quibus
910 1612 1159 1653 impugnabaris,

499 1658 568 1689 Tua
592 1658 668 1689 licet
691 1658 788 1690 verba
812 1663 1061 1700 exsecrarentur,

499 1704 629 1745 Rogasti
654 1708 787 1745 patrem,
813 1707 937 1739 veniam
960 1709 1169 1739 mererentur.

467 1804 474 1811 .
499 1782 578 1820 Ave,
603 1780 685 1822 Iesu,
712 1781 762 1812 cui
785 1782 931 1821 laqueum
955 1784 1159 1822 paraverunt,

500 1827 593 1859 Guius
620 1827 747 1859 dorsum
770 1828 882 1861 1udaei
905 1830 991 1869 ligno
1017 1832 1246 1870 cremaverunt,

496 1874 675 1914 Manusque
698 1876 859 1915 pedesque
882 1875 916 1907 hi
941 1876 1038 1907 clavis
1063 1874 1274 1915 perfoderunt

499 1920 659 1960 Latusque
684 1922 750 1953 eius
773 1923 863 1954 lacea
887 1923 1080 1962 aperierunt.

465 2018 473 2026 .
499 1996 577 2032 Ave,
602 1995 684 2035 Iesu,
710 1996 763 2035 qui
788 1997 926 2029 clausam
949 1997 1077 2030 vulvam
1101 2004 1133 2026 es
1159 2004 1302 2035 egressus

499 2042 605 2080 Atque
628 2042 662 2073 in
685 2043 768 2074 hane
791 2044 938 2076 miseriae
961 2044 1076 2075 vallem
1099 2042 1270 2083 ingressus,

499 2088 628 2119 Hostem
652 2089 780 2120 humani
804 2091 927 2131 generis
954 2090 1168 2122 debellaturus

498 2136 642 2174 Vei-eque
663 2136 840 2168 iudicantes
864 2139 1130 2169 remuneraturus

467 2235 473 2241 .
499 2210 579 2249 Ave,
606 2210 660 2249 qui
679 2211 764 2242 solus
790 2212 830 2243 de
853 2212 988 2244 inimicis
1010 2212 1117 2251 eripis,

502 2256 730 2295 Persequentes
755 2256 921 2298 fugiendos
946 2258 1036 2292 nobis
1060 2258 1231 2298 praecipis,

500 2302 552 2334 Ab
576 2303 637 2344 his,
663 2304 717 2343 qui
740 2304 906 2346 insurgunt
927 2306 960 2337 in
982 2314 1050 2346 nos,
1076 2312 1201 2347 quaeso,
1227 2305 1331 2338 libera

500 2349 544 2381 Et
568 2350 656 2391 eripe
680 2350 720 2382 de
744 2353 947 2391 operantibus
972 2361 1089 2385 amara.
