1650 2612
193 201 247 233 34.

192 417 247 449 35.

193 641 246 673 36.

192 866 246 898 37.

202 1090 255 1122 38.

191 1313 245 1346 39.

189 1537 243 1569 40.

189 1761 244 1794 41.

186 1986 240 2019 42.

192 2213 245 2245 43.

694 105 946 140 —270—

273 201 352 244 Ave,
379 200 488 231 dicunt.
509 199 567 231 tibi
592 200 649 239 rei,

275 247 495 279 Collaudantes
519 254 631 278 nomen
655 245 726 284 Dei,

272 294 330 332 Qui
353 302 410 326 nos
436 295 529 325 ducat
552 293 584 323 in
607 292 753 324 extremis

272 340 477 372 Consessuros
499 341 532 371 in
555 340 718 378 supremis.

272 416 351 456 Ave,
377 417 487 454 mater,
513 414 601 446 vultu
624 414 706 446 laeto

273 462 392 493 Praebe
407 462 492 503 mihi,
512 461 595 501 quod
611 469 693 492 nunc
704 462 786 503 peto,

271 508 317 541 Ut
341 517 409 540 cum
435 516 469 540 eo
492 508 693 550 requiescam,

273 556 363 588 Omni
389 555 475 586 carni
500 554 550 594 qui
577 554 631 585 dat
655 562 766 586 eseam.

272 640 351 679 Ave,
376 642 477 670 mater
502 638 686 679 Salomonis,

271 686 371 726 Super
394 684 510 717 flumen
533 685 704 724 Babylonis

271 734 399 766 Fratres
424 733 470 764 tui
493 731 570 765 flent.
593 741 707 773 amare,

273 780 355 819 Quos
377 782 412 810 tu
436 784 526 819 potes
550 779 696 810 liberare.

272 867 351 906 Ave,
379 864 462 895 dicta
486 865 541 895 lux
563 867 758 902 sanctorum,

270 911 452 943 Miseratrix
476 913 685 951 peccatorum,

271 958 337 991 Fac
360 960 464 990 astare
483 959 622 990 nostrum
642 958 768 989 chorum

272 1005 309 1036 In
336 1007 503 1044 conspectu
526 1005 714 1043 angelorum.

281 1089 360 1127 Ave,
384 1088 471 1127 virgo
495 1088 657 1126 mirabilis,

273 1135 377 1166 Mater
402 1134 459 1166 Dei
486 1134 647 1175 terribilis,

271 1181 390 1213 Nostra
413 1190 602 1221 cognoscens
626 1181 739 1223 omnia,

274 1228 339 1260 Nos
364 1228 452 1261 salva
474 1231 528 1260 tua
552 1229 661 1267 gratia.

273 1314 351 1352 Ave,
378 1321 457 1351 quae
482 1312 618 1343 custodis
644 1321 701 1355 me,

270 1359 363 1390 Nunc
386 1367 506 1397 precor,
533 1359 619 1398 em'pe
641 1368 691 1390 me

271 1405 319 1437 De
345 1405 487 1437 manibus
512 1407 685 1444 peccatoris

270 1452 313 1483 Et
339 1453 378 1484 de
402 1453 521 1483 semitis
547 1454 672 1486 erroris,

270 1536 350 1576 Ave,
376 1545 468 1575 quam
493 1545 646 1576 amavero,

270 1584 322 1615 Ad
348 1586 379 1615 te
405 1591 472 1613 cum
497 1584 680 1624 clamavero,

270 1630 403 1662 Intende
426 1633 501 1661 tunc
525 1630 593 1661 voci
618 1639 714 1670 meae,

269 1677 318 1708 Tu
342 1686 375 1708 es
399 1677 484 1708 salus
508 1678 593 1709 vitae
615 1686 713 1710 meae.

269 1761 338 1793 Ave
362 1762 394 1793 in
421 1760 603 1801 deficiendo,

269 1809 306 1840 In
333 1811 500 1847 conspectu
526 1808 662 1841 finiendo

267 1855 526 1895 Deprecationem
553 1865 663 1897 meam,

269 1902 316 1933 Tu
339 1903 453 1934 exaudi
477 1911 584 1934 vocem
609 1913 719 1936 meam.

265 1988 343 2029 Ave,
370 1989 479 2026 mater,
506 1989 548 2020 ad
572 1990 603 2018 te
628 1997 697 2020 reas

269 2033 361 2064 Nunc
394 2035 537 2072 expando
562 2043 671 2066 manus
696 2044 780 2067 meas

267 2080 393 2112 Exaudi
417 2089 467 2111 me
490 2081 649 2123 velociter,

267 2127 305 2158 In
331 2130 362 2158 te
386 2136 478 2166 spero
504 2128 669 2162 veraciter.

783 2061 791 2076 7

270 2212 350 2253 Ave,
375 2219 433 2251 per
455 2221 546 2251 quam
571 2211 725 2253 refugium

268 2258 337 2299 Est,
364 2258 416 2299 qui
443 2258 533 2290 docet
557 2259 598 2290 ad
623 2261 787 2300 proelium,

268 2306 317 2337 Tu
341 2307 502 2347 protector
526 2314 649 2346 semper
674 2317 776 2350 verus,

265 2353 455 2386 Benedictus
478 2353 565 2385 Deus
590 2363 686 2387 meus.

863 201 917 233 44.
944 202 1022 241 Ave,
1046 208 1116 230 mea
1138 199 1279 230 laudatio

861 417 915 448 45.

860 641 916 673 46.

862 867 916 898 47.

861 1091 915 1123 48.

862 1316 915 1348 49.

862 1540 916 1572 50.

944 246 1122 285 Christique
1142 246 1312 285 generatio,

942 295 1010 325 Tua
1035 291 1266 332 magnificentia

942 340 1000 372 Est
1023 340 1202 379 angelorum
1227 339 1335 378 gloria.

941 415 1020 456 Ave,
1045 417 1146 445 mater
1168 413 1306 455 pietatis,

941 462 1030 502 Roga
1053 461 1153 492 Deum
1178 460 1361 499 maiestatis,

941 508 986 541 Ut
1008 517 1065 540 nos
1089 508 1192 539 solvat
1216 508 1409 546 compeditos

941 556 985 588 Et,
1009 557 1172 587 conservet
1196 554 1373 592 acquisitos.

942 640 1019 683 Ave,
1046 640 1183 672 iucunda
1207 639 1300 670 lectio

941 687 1126 726 Decoraque
1149 686 1300 724 laudatio⁷

941 732 1124 766 Aedificans
1148 733 1320 766 Ierusalem

941 781 1004 812 Per
1027 780 1141 823 Iesum,
1166 789 1272 820 regem
1295 779 1443 812 nobilem.

943 866 1021 904 Ave,
1047 867 1157 896 tenens
1180 864 1353 897 Ierusalem

942 914 1003 945 Per
1026 911 1139 954 Iesum,
1165 919 1273 951 regem
1298 910 1444 953 nobilem,

942 959 1062 1000 Lauda,
1090 958 1176 1000 Sion,
1201 958 1301 989 Deum
1327 960 1424 998 tuum,

942 1006 1000 1045 Qui
1034 1006 1089 1037 dat
1115 1014 1222 1044 pacem
1247 1004 1338 1037 finem
1365 1007 1463 1036 tuum.

941 1090 1020 1131 Ave,
1046 1092 1146 1120 mater
1171 1089 1253 1128 regis
1279 1090 1369 1128 tanti,

942 1137 1040 1176 Quam
1054 1137 1234 1168 collaudant
1247 1144 1352 1167 omnes
1362 1136 1463 1166 sancti

942 1184 1088 1215 Laudent
1104 1186 1217 1214 cuncta
1232 1183 1334 1215 Deum
1350 1191 1463 1223 meum,

941 1231 978 1262 ln
1004 1230 1134 1262 excelsis
1158 1230 1288 1262 laudent
1313 1238 1392 1261 eum.

941 1316 1020 1354 Ave,
1047 1323 1138 1353 quam
1162 1314 1293 1346 laudent
1315 1313 1418 1354 angeli

943 1362 988 1393 Et
1011 1361 1056 1393 ibi
1079 1361 1210 1393 laudent
1234 1361 1353 1402 populi,

942 1408 1089 1441 Laudent.
1112 1408 1212 1439 Deum
1237 1408 1284 1439 sol
1310 1410 1341 1439 et
1363 1407 1438 1438 luna

941 1455 1047 1495 Atque
1071 1456 1171 1486 omnis
1197 1457 1351 1487 creatura.

943 1541 1022 1581 Ave,
1048 1548 1138 1578 quam
1165 1539 1295 1571 laudent
1318 1538 1380 1578 ipsi

942 1586 1104 1618 Dracones
1131 1589 1224 1626 atque
1249 1585 1365 1625 abyssi,

942 1634 1037 1676 Ignis,
1065 1634 1195 1673 grando,
1220 1633 1283 1674 nix,
1310 1633 1426 1672 glacies

942 1680 988 1712 Et
1010 1681 1111 1712 omnis
1135 1679 1337 1721 superficies3

941 1764 1155 1797 Procellarum
1180 1773 1295 1805 genera

941 1812 985 1843 Et
1009 1813 1096 1852 ligna
1122 1810 1298 1852 fructifera,

944 1858 1047 1891 Colles
1073 1862 1104 1890 et
1128 1867 1233 1891 omnes
1258 1862 1390 1900 monteS,

941 1907 1093 1938 Volucres
1120 1912 1151 1938 et
1175 1909 1339 1945 serpentes

940 1991 984 2022 Et
1007 1991 1294 2031 universa'pecora

942 2037 985 2069 Et
1010 2038 1138 2079 bestiae,
1163 2040 1330 2077 praeterea

943 2084 1045 2124 Reges
1072 2088 1104 2115 et
1127 2088 1231 2116 terrae
1255 2085 1416 2124 principes

940 2131 983 2162 Et
1006 2133 1136 2164 iuvenes
1162 2135 1194 2163 et
1215 2132 1362 2174 virgines,

942 2215 1038 2247 Senes
1064 2217 1158 2254 atque
1182 2216 1307 2254 parvuli

942 2262 1087 2294 Laudent.
1110 2270 1222 2293 nomen
1247 2261 1385 2304 Domini,

943 2309 1049 2341 Sancti
1073 2309 1204 2340 laudent
1227 2311 1381 2351 superius,

942 2356 1068 2388 Laudet.
1090 2355 1143 2386 hic
1164 2355 1263 2387 omnis
1288 2358 1432 2397 spiritus.
