1650 2612
209 545 263 578 10.

208 865 261 898 11.

205 1186 259 1218 12.

203 1508 257 1539 13.

205 1829 258 1860 14.

202 2161 256 2194 15.

713 136 872 171 —131
925 157 968 162 —-

258 251 265 259 .
289 225 370 267 Ave,
395 234 479 259 rosa.
505 227 600 266 plane
624 238 706 268 rosa,

289 273 373 304 Tota
399 272 526 314 rubens,
554 283 704 308 cruorosa

337 319 414 351 Nati
440 320 541 352 dulcis
566 324 725 366 sanguine,

292 366 341 398 De
365 367 512 407 supernis
537 368 735 407 proluentem

292 413 391 452 Quem
407 413 481 445 dum
493 415 580 454 rapis
593 420 815 461 rosascentem,

337 461 494 493 Rubescis
519 463 696 502 aspergine.

289 545 370 586 Ave,
396 554 479 585 rosa,
505 545 591 577 Deus
617 546 720 589 fortis,

291 593 371 625 Cum
395 592 512 633 rigeret
537 595 623 625 tactu
647 596 766 638 mortis,

336 639 501 672 Effusurus
527 640 662 672 animam

288 687 335 718 Te
359 687 455 719 affatu
478 687 638 728 salutavit,

287 734 334 765 Te
360 735 476 766 dilecto
501 735 733 767 commendavit

337 781 421 812 Vere
445 781 701 816 amantissimam.

287 866 367 909 Ave,
394 874 477 907 rosa,
504 869 605 897 morte
632 867 711 898 dura

290 912 459 945 Morientis
484 922 605 945 summa
631 922 705 945 cura

338 961 375 992 In
401 963 433 991 te
457 960 525 991 sola
548 959 664 1000 figitur,

290 1008 374 1039 Dum
399 1014 459 1038 nec
473 1006 561 1038 illam
579 1007 811 1049 Magdalenam,

289 1053 477 1086 Condoloris
501 1053 574 1093 igne
598 1054 735 1095 plenam,

334 1100 476 1133 Moriens
495 1100 687 1140 adloquitur.

284 1186 364 1225 Ave,
390 1193 473 1224 rosa,
501 1194 555 1216 cor
577 1185 743 1217 discissum

286 1232 339 1264 Sic
363 1231 481 1264 doloris
505 1232 539 1263 in
563 1232 712 1272 abyssum

332 1280 445 1311 Totum
474 1287 544 1310 sese
568 1282 731 1319 merserat,

285 1327 331 1360 Ut
354 1327 418 1358 iam
442 1329 551 1365 posset
574 1326 628 1359 vix
654 1326 766 1366 videri,

286 1374 320 1406 Si
343 1374 371 1405 is
397 1375 490 1414 esset,
517 1373 570 1412 qui
596 1376 628 1404 et
651 1373 719 1405 heri

333 1421 449 1454 Vultus
475 1423 545 1453 tuus
571 1419 686 1454 fuerat.

283 1507 363 1545 Ave,
390 1514 473 1546 rosa,
498 1505 589 1536 dolor
612 1506 686 1536 talis

284 1553 359 1584 Tibi
383 1552 444 1584 soli
466 1552 626 1592 specialiS,

334 1600 430 1631 Nullo
454 1607 532 1630 aevo
557 1599 699 1639 cognitus

285 1645 487 1679 Provocabat
509 1646 542 1677 in
565 1646 737 1678 lamentum

287 1694 375 1726 Dura
400 1693 498 1725 corda
520 1693 708 1734 intuentum,

333 1742 509 1774 Vulnerata
532 1740 668 1780 penitus.

286 1828 366 1866 Ave,
393 1834 476 1866 rosa,
501 1834 538 1857 re
561 1827 683 1857 mutata

284 1874 363 1906 Dies
388 1875 474 1905 lucet
499 1876 547 1904 ter
573 1872 675 1914 beata,

331 1921 446 1961 Fulget
471 1919 672 1960 resurrectio,

285 1969 466 2007 Gratulare,
493 1967 581 2007 virgo
607 1967 718 2005 dulcis,

283 2017 351 2048 Iam
376 2020 409 2048 te
433 2014 511 2047 flore
535 2023 618 2047 novo
642 2013 734 2046 fulcis

331 2063 488 2096 Redivivo
512 2061 588 2095 filio.

281 2160 363 2199 Ave,
389 2167 472 2198 rosa,
499 2166 602 2197 poena
627 2157 732 2197 cessit,

285 2207 372 2246 Quae
389 2211 421 2238 te
438 2206 562 2245 pridem
581 2213 677 2237 saeva
693 2205 811 2244 pressit

332 2253 549 2287 Lacrimarum
574 2252 741 2292 imbribus,

282 2302 380 2343 Fugit
402 2301 489 2341 rigor
513 2300 667 2341 glacialis,

283 2350 404 2382 Auster
428 2349 531 2388 spirat
554 2347 728 2390 aestivalis,

332 2397 387 2431 Sol
409 2396 575 2439 praelucet
599 2394 745 2429 nubibus,

891 233 945 266 16.
970 232 1050 271 Ave,
1076 239 1158 270 rosa,
1184 231 1258 262 vide
1281 240 1384 262 rosam

970 278 1192 318 Immortalem,
1216 278 1400 319 speciosam,

1017 326 1084 365 Qua
1107 325 1152 369 nil
1176 325 1360 366 speciosius,

971 374 1069 412 Quam
1082 381 1165 403 mors
1178 372 1262 404 ultra
1271 381 1332 405 non
1342 372 1491 408 involvet,

969 421 1069 460 Algor
1094 419 1223 453 brumae
1248 427 1310 450 non
1328 418 1490 460 dissolvet,

1018 467 1087 498 Non
1114 465 1248 497 torrebit
1270 465 1381 499 Sirius.

889 551 942 583 17.
967 551 1050 592 Ave,
1079 559 1159 593 rosa,
1186 558 1268 593 ecce,
1297 559 1422 590 quaero,

968 598 1042 629 Tibi
1067 598 1159 628 matri
1186 606 1241 628 cur
1265 601 1328 629 tam
1354 605 1424 628 sero

1013 645 1101 677 Iesus
1127 646 1198 676 tuus
1223 643 1409 683 splenduit?

968 691 1050 723 Nam
1073 691 1198 723 Mariae
1222 690 1433 730 Magdalenae

969 738 1082 778 Specie
1105 738 1136 768 in
1162 738 1266 769 aliena

1016 785 1107 817 Prior
1131 792 1165 819 se
1190 783 1341 817 exhibuit.

886 870 940 902 18.
966 869 1047 907 Ave,
1073 876 1154 910 rosa,
1181 870 1216 899 tu
1238 871 1369 907 repente

968 916 1002 948 Si
1028 916 1184 947 viventem
1208 918 1327 946 maesta
1352 918 1456 947 mente

1015 962 1205 1002 Aspexisses
1231 961 1339 1002 filium,

967 1009 1067 1041 Tuam
1091 1008 1150 1039 tibi
1175 1008 1272 1040 vitam
1297 1009 1392 1047 plane

965 1056 1164 1095 Insperatum
1190 1057 1222 1085 et
1245 1055 1380 1086 immane

1012 1101 1195 1134 Ademisset
1218 1102 1378 1141 gaudium.

885 1186 939 1219 19.
964 1186 1045 1225 Ave,
1071 1194 1153 1225 rosa,
1179 1187 1250 1217 astu
1274 1186 1331 1217 tali

880 1508 924 1539 20

881 1828 921 1859 21

965 1232 1083 1264 Forma
1107 1234 1228 1263 tantum
1253 1232 1383 1272 aliquali

1013 1279 1134 1311 Sensim
1159 1279 1221 1311 tuis
1245 1279 1388 1311 sensibus

963 1327 1035 1358 Lux
1058 1326 1165 1358 illuxit
1188 1335 1290 1358 novae
1314 1327 1370 1366 rei,

962 1374 1073 1405 Donec
1095 1373 1184 1405 locus
1209 1373 1329 1413 speciei

1009 1421 1106 1453 Esset
1130 1420 1164 1451 in
1188 1419 1362 1452 affectibus.

928 1533 935 1539 .
959 1507 1040 1544 Ave,
1066 1514 1148 1547 rosa,
1174 1514 1258 1536 nunc
1281 1504 1423 1545 floresce,

961 1554 1057 1585 Vultu
1080 1561 1161 1584 novo
1183 1553 1351 1584 iuvenesce

1010 1600 1143 1632 Dulcem
1168 1599 1272 1631 videns
1303 1598 1411 1639 filium,

962 1649 1058 1687 Quem
1066 1647 1238 1687 plangebas
1244 1650 1488 1681 contramorem,

961 1696 1022 1738 En,
1050 1694 1149 1726 adora
1174 1694 1276 1733 campi
1301 1692 1423 1734 florem,

1009 1741 1204 1781 Amplexare
1228 1740 1341 1774 lilium.

929 1853 937 1860 .
963 1827 1043 1865 Ave,
1069 1834 1151 1868 rosa,
1180 1834 1234 1857 cor
1258 1827 1405 1868 extende,

958 1872 1154 1905 Ascendenti
1178 1873 1352 1904 coascende

1010 1921 1099 1952 Votis
1124 1920 1369 1960 suspirantibus,

962 1968 1057 2010 Ecce,
1081 1967 1208 1999 scandit
1232 1968 1297 1999 alta
1320 1968 1388 2007 poli

962 2016 1193 2054 Derelinquens
1217 2015 1282 2047 ima
1306 2016 1366 2047 soli

1010 2063 1081 2095 Suis
1106 2062 1348 2095 admirantibus.

884 2159 940 2191 22.
966 2157 1046 2198 Ave,
1072 2165 1154 2200 rosa,
1182 2158 1255 2190 Iesu
1278 2156 1377 2199 flenti,

961 2204 1069 2236 Laetis
1093 2207 1202 2244 potum
1226 2205 1357 2244 sitienti,

1011 2253 1093 2285 Olim
1119 2251 1217 2283 dabas
1242 2252 1351 2292 ubera,

963 2299 1051 2332 Stola
1077 2299 1180 2331 carnis
1204 2309 1288 2332 nunc
1305 2299 1485 2343 formosum,

962 2347 1056 2379 Nunc
1072 2348 1276 2379 scandentem
1289 2348 1487 2388 luminosum,

1010 2395 1112 2428 Cerne
1135 2404 1232 2435 super
1256 2395 1373 2428 sidera.

1275 2448 1315 2478 9*
