1650 2612
740 120 996 154 —233-

482 214 507 242 6.
529 215 674 251 Quidquid
694 217 789 251 potest
807 215 955 242 hominum
975 213 1177 249 comprehendi
1197 216 1299 248 mente,

524 255 629 281 Totum
646 253 716 280 huie
735 253 841 288 virg-ini
861 254 1003 279 consonat
1018 253 1144 287 repente,

523 291 634 318 Voeum
655 290 833 317 differentiae
852 289 977 326 qualiter
993 290 1138 322 inventae,

523 328 614 355 Sonet
632 328 811 355 diatessaron
831 330 919 362 atque
938 327 1081 362 diapente.

477 374 504 401 7.
525 376 630 403 Sonitu
649 375 789 411 placabili
807 375 947 410 plaudent
964 374 1117 401 harmonia

522 414 712 448 Tymxmnum,
732 413 909 448 psalterium,
929 413 1003 447 lyra,
1023 412 1205 447 symphonia,

523 451 634 478 Sonent
652 453 740 486 atque
758 450 876 486 phialae
896 458 968 477 voce
989 450 1075 477 valde
1093 451 1144 484 pia

522 488 563 515 Et
581 489 660 515 buxu
679 488 834 523 multiplici
852 486 970 522 (coram)
988 488 1103 522 virgine
1121 487 1224 514 Maria.

299 535 396 562 Einen
415 535 522 562 dritten
535 535 677 570 Prologus
697 536 779 562 leitet
799 535 821 563 C
840 536 895 562 mit
913 535 969 562 den
987 535 1110 562 Worten
1130 535 1192 561 ein:
1215 534 1325 569 Incipit
1342 533 1512 569 psalterium

226 574 358 608 quartum
379 573 481 600 beatae
501 576 530 600 et
547 573 776 609 gloriosissimae
795 573 919 608 virginis
938 573 1063 605 Mariae,
1088 571 1166 607 quod
1186 572 1241 598 erit
1260 571 1306 598 die
1325 572 1427 607 quinta
1447 574 1514 606 post

224 609 545 676 Ῑιξῗξὲἓιΐέᾆιίἓὲιὲἰῗὲῗε
574 611 609 637 de
643 611 816 645 supradictis
848 610 1064 637 festivitatibus.
1108 609 1149 636 Et
1175 611 1219 636 est
1243 609 1316 636 illud
1341 609 1511 644 psalterium

522 697 611 723 Pravi
629 694 659 730 (Ξ)
676 696 741 723 laus
762 704 811 723 ore
831 704 896 722 eum
915 696 990 728 fecitq
1011 696 1094 730 virgo
1114 695 1218 727 Maria„

522 734 656 761 Laudare
674 742 754 761 more
774 735 910 761 consueto
930 733 1030 769 glisco,
1051 733 1155 765 Maria,

522 773 564 799 Te
583 771 701 807 dignum
720 771 782 798 fore
801 779 847 798 me
865 779 962 806 poseo,
981 771 1063 807 virgo
1083 770 1186 802 Maria,

523 809 635 844 Corque
654 818 747 836 meum
768 817 832 835 rore
852 808 971 836 caelesti
990 807 1077 843 reple,
1097 808 1201 840 Maria,

523 847 586 880 Quo
607 848 650 873 sic
671 847 842 882 pinguescat
860 847 891 873 in
911 854 1016 879 amore,
1037 847 1120 881 virgo
1140 845 1243 879 Maria,

521 885 563 912 Ut
580 893 640 911 non
658 886 787 920 tepescat
805 885 837 910 in
856 884 981 917 saecula,
1000 884 1083 919 virg-o
1101 883 1205 916 Maria„

522 921 579 949 Sed
597 923 690 958 magis
715 921 846 949 ardescat
861 921 1014 954 laudando,
1034 922 1118 956 virgo
1137 920 1241 955 Maria,

521 960 563 986 Te
581 968 635 987 nec
655 960 785 993 quiescat
803 968 915 994 semper
935 958 1062 992 laudare,
1082 959 1185 992 Maria,

522 997 564 1024 Ut
582 998 625 1024 sie
643 998 675 1024 in
694 998 757 1024 vita
775 999 804 1023 te
822 996 945 1030 laudem,
966 997 1016 1032 pia
1033 997 1137 1029 Maria,

520 1035 594 1068 Hac,
614 1037 648 1061 ut
666 1035 759 1070 polita
778 1043 843 1062 mea
862 1035 903 1061 sit
920 1035 1036 1067 virtute,
1056 1034 1159 1067 Maria,

521 1072 592 1099 Vita
609 1072 693 1099 finita
712 1081 776 1099 cum
796 1073 842 1105 sit,
862 1074 1020 1107 tecumque,
1041 1072 1144 1104 Maria,

521 1110 556 1137 In
574 1111 637 1137 nati
655 1111 719 1137 vita
737 1111 907 1145 requiescat,
927 1110 1009 1145 virgo
1029 1109 1133 1137 Maria.
