1650 2612
471 634 546 667 XVI.
569 636 757 667 Psalterium
777 637 889 668 beatae
910 637 1027 669 Mariae
1047 639 1072 669 V

534 725 672 757 Prima
696 726 1007 766 Quinquagena.

160 808 196 840 1.
222 808 302 847 Ave,
329 808 428 851 virgo,
457 810 609 841 cathedra
842 812 872 843 5.
899 812 976 853 Ave,
1004 812 1091 851 virgo
1116 811 1252 843 iubilans

271 855 417 887 Summae
440 857 625 895 maiestatis,

221 902 329 934 Arbor
354 904 527 935 aromatica

270 949 406 981 Sanctae
430 950 594 989 trinitatis,

222 997 304 1028 Tota
329 997 419 1029 nobis
445 997 555 1030 rorida

270 1045 373 1076 Fonte
398 1045 557 1085 puritatis,

226 1090 345 1122 Cuncta
370 1096 425 1123 tua
448 1090 526 1123 folia

270 1138 407 1170 Fructus
433 1139 619 1172 honestatis.

187 1248 194 1256 .
220 1224 300 1261 Ave,
327 1222 416 1263 virgo
441 1222 606 1262 postulans

267 1270 305 1302 In
330 1269 538 1302 hereditatem

222 1317 323 1349 Nobis
348 1318 445 1349 vitam
469 1318 613 1350 tribuens

265 1365 310 1396 Et
334 1363 538 1396 felicit-atem:

221 1411 277 1443 Uti
301 1411 392 1444 vobis
416 1412 510 1452 genui

267 1459 402 1498 primam
427 1460 605 1501 veritatem,

223 1505 277 1537 Sic
301 1506 391 1537 vobis
418 1504 620 1550 [impertiam]

268 1562 420 1585 summam
446 1554 632 1587 claritatem.

163 1659 170 1670 r
188 1665 195 1673 .
222 1638 302 1680 Ave,
327 1642 431 1671 mater
455 1638 594 1681 Domini,

271 1686 355 1719 Olim
378 1686 542 1725 tribulata,

220 1734 315 1767 quta
340 1741 467 1765 crucem
493 1733 632 1766 lacrimis

265 1781 349 1813 veris
374 1780 516 1821 irrigata,

222 1827 299 1860 Cum
325 1827 465 1860 surrexit
487 1828 650 1870 Dominus,

267 1877 400 1908 multum
427 1876 599 1914 consolata,

220 1923 314 1957 Nunc
339 1927 426 1955 stans
451 1932 547 1963 super
571 1924 679 1955 sidera

264 1971 373 2004 Mater
396 1971 561 2003 honorata.

184 2083 191 2091 .
217 2057 298 2098 Ave,
324 2056 413 2097 virgo
440 2057 597 2088 dormiens

267 2105 400 2144 Semper
422 2105 456 2136 in
480 2104 631 2145 idipsum,

219 2152 286 2186 Nos
313 2153 353 2185 de
376 2154 479 2185 morte
503 2152 669 2192 suscitans,

266 2201 433 2233 destruens
458 2200 618 2240 abyssum,

218 2250 257 2282 In
282 2248 360 2280 meis
385 2247 584 2290 praecordiis

266 2305 392 2337 semper
417 2296 460 2328 sit
483 2294 627 2336 infixum,

218 2345 308 2386 Quod
336 2344 506 2384 deplorant
529 2343 634 2375 omnia

262 2394 350 2424 tuum
376 2391 571 2425 crucifixum.

946 860 1019 889 ante
1043 858 1144 890 Deum
1168 862 1300 900 patrem,

900 905 957 943 Qui
983 908 1014 936 te
1039 907 1089 936 sui
1112 904 1169 937 filii

945 950 1022 983 fecit
1046 960 1151 983 veram
1178 955 1320 992 matrem,

900 998 1013 1038 Sicque
1037 998 1127 1030 nobis
1153 998 1295 1030 omnibus

946 1054 979 1076 se
1005 1045 1094 1077 dedit
1117 1046 1149 1077 in
1174 1044 1315 1084 fratrem,

899 1092 957 1132 Qui
982 1095 1066 1124 tuam
1090 1093 1123 1123 in
1148 1093 1291 1124 omnibus

945 1139 1057 1179 implet
1080 1140 1284 1172 voluntatem.

865 1250 872 1257 .
897 1224 977 1261 Ave,
1003 1224 1092 1263 virgo
1117 1226 1297 1263 temperans

945 1270 1102 1302 Christum
1126 1272 1159 1302 in
1185 1270 1303 1312 furore,

901 1319 986 1351 Iram
1009 1318 1070 1349 Dei
1095 1317 1241 1357 mitigans

944 1374 1003 1404 pro
1029 1373 1079 1396 me
1103 1368 1279 1405 peccatore,

898 1413 957 1451 Qui
984 1413 1024 1444 de
1047 1413 1164 1444 mundo
1190 1412 1346 1444 transiens

945 1468 1058 1500 magno
1083 1468 1152 1491 cum
1178 1460 1313 1491 clamore

901 1508 947 1540 Te
969 1507 1097 1547 reliquit
1121 1507 1249 1539 viduam

944 1555 1054 1586 mortis
1078 1554 1111 1585 in
1137 1554 1255 1587 dolore.

865 1666 872 1673 .
897 1640 977 1678 Ave,
1003 1639 1065 1671 Dei
1089 1639 1233 1679 genetrix

945 1690 1111 1718 conterens
1135 1687 1243 1718 leones

897 1734 942 1765 Et
966 1742 1025 1773 per
1051 1742 1174 1765 crucem
1199 1741 1351 1773 superans

942 1782 1025 1813 aeris
1052 1781 1215 1822 dracones,

899 1828 977 1861 Cum
1003 1830 1160 1861 convertis
1186 1828 1359 1869 deprecans

943 1884 1072 1916 magnos
1097 1879 1290 1916 peccatores,

898 1923 956 1963 Qui
980 1932 1039 1963 per
1063 1925 1095 1954 te
1121 1922 1324 1955 daemonibus

943 1969 1023 2003 fiunt
1047 1969 1205 2005 fortiores,

864 2082 871 2090 .
897 2057 976 2096 Ave,
1003 2057 1104 2088 mater
1128 2056 1257 2088 Domini

944 2104 1077 2135 multum
1101 2104 1272 2146 nominata,

898 2151 1033 2184 Nomine
1059 2151 1240 2183 dulcissimo

943 2207 1068 2239 semper
1092 2199 1257 2240 honorata,

895 2246 1060 2279 Laudibus
1084 2246 1254 2278 infantium

943 2294 995 2334 pie
1021 2294 1196 2334 dulcorata,

897 2341 997 2374 Nobis
1021 2341 1240 2382 peccatoribus

943 2389 1078 2422 clemens
1104 2391 1270 2422 advocata.
