1650 2612
148 203 202 236 19.

146 608 201 640 20.

148 1012 203 1044 21.

149 1419 203 1449 22.

144 2232 198 2263 24.

665 109 899 145 -37-

228 203 361 246 Audias,
389 204 550 244 exaudias,

275 252 376 293 pater,
404 252 536 290 tantum,
562 252 668 291 talem,

227 296 319 337 Volo,
344 300 378 328 te
403 297 564 338 exhibeas,

275 352 355 383 quae
379 344 422 375 sis
449 344 553 385 digna,
583 345 707 385 qualem

229 390 384 430 Sponsam
411 390 503 423 decet
523 392 654 432 regiam,

277 437 388 478 refuge
413 438 571 470 carnalem

228 485 334 517 Vitam
360 487 392 517 et
416 487 609 525 amplectere

273 530 407 565 formam
430 533 618 573 spiritalem.

228 607 266 640 In
291 607 353 639 hoc
376 609 466 647 gestu
493 609 616 650 capitis,

274 655 358 695 Iesu,
386 655 547 686 declinare

227 701 274 733 Te
299 710 318 732 a
343 701 444 733 crucis
469 701 562 732 titulo

273 748 448 787 perpendo,
473 749 577 780 vitare

230 795 293 827 Per
317 795 377 826 hoc
397 804 509 827 vanam
536 795 668 834 gloriam

274 844 307 873 te
331 842 479 881 ostendit,
507 850 580 873 care

226 888 357 930 Doctor,
383 897 421 920 ac
443 890 470 920 si
498 888 636 921 diceres:

274 937 346 968 nolo
370 935 423 968 hic
446 944 589 976 regnare.

229 1011 322 1050 Nolo,
349 1011 478 1054 scribat,
505 1012 646 1044 nominet

275 1067 326 1090 me
350 1066 456 1098 regem
482 1058 614 1099 Pilatus,

228 1106 374 1137 Laudum
398 1106 522 1144 plumas
548 1114 673 1146 respuo,

276 1153 330 1192 qui
353 1162 420 1184 sum
448 1154 616 1194 deputatus

226 1200 325 1232 Modo
352 1209 420 1232 cum
445 1200 631 1239 latronibus,

277 1247 339 1279 cito
367 1254 532 1279 coronatus

228 1295 381 1334 Regnabo
406 1294 437 1325 in
464 1294 566 1334 gloria

275 1342 377 1380 patris
403 1341 601 1375 sublimatus.

231 1417 294 1450 Hic
318 1417 420 1457 plebis
448 1417 594 1458 abiectio,

275 1464 321 1495 ibi
346 1465 493 1496 exaltabo

231 1512 344 1551 Caput,
370 1520 471 1543 meam
497 1511 627 1552 gloriam

278 1559 371 1590 alteri
395 1567 458 1590 non
484 1557 576 1598 dabo,

229 1605 329 1637 Danti
352 1605 430 1636 mihi
455 1605 585 1645 gloriam

281 1660 337 1691 ego
362 1653 539 1691 procurabo

234 1698 376 1732 Gratiam
402 1702 434 1730 et
458 1699 578 1739 gloriae

278 1747 381 1778 locum
405 1746 615 1786 praeparabo,

198 1847 205 1855 .
233 1822 286 1855 Sic
309 1831 369 1863 me,
396 1822 477 1866 Iesu,
505 1823 645 1865 instruis,

274 1879 315 1901 ne
339 1879 359 1901 a
380 1878 430 1901 me
454 1873 624 1910 quaeratur

229 1917 325 1956 Laus,
353 1927 391 1949 ac
415 1915 508 1949 favor
532 1916 702 1956 hominum,

278 1965 305 1996 si
331 1974 349 1997 a
372 1973 424 1996 me
448 1966 586 2008 geratur,

229 2012 320 2052 Quod
345 2013 388 2044 sit
413 2012 541 2052 dignum
565 2011 724 2052 laudibus,

277 2060 334 2092 sed
359 2059 419 2091 tibi
445 2060 569 2092 dicatur

227 2108 322 2147 Laus,
350 2108 404 2148 qui
429 2108 512 2140 velle
535 2107 659 2146 tribuis,

275 2164 295 2187 a
319 2164 380 2195 quo
404 2164 500 2194 posse
526 2155 631 2189 datur.

226 2232 309 2272 Iesu,
337 2229 447 2263 confer
471 2231 617 2272 gratiam,

273 2287 315 2310 ne
339 2279 436 2312 velim
460 2279 587 2311 laudari

224 2327 274 2359 De
300 2326 390 2359 bonis
416 2327 576 2367 operibus,

271 2375 355 2415 regis
381 2375 539 2414 appellari

824 422 878 456 25.

823 825 879 856 26.

825 1230 881 1261 27.

827 1635 883 1667 28.

828 2042 883 2073 29.

906 205 1050 243 Nomine,
1076 205 1133 236 sed
1158 204 1263 235 tribue

952 252 1004 283 hic
1026 251 1196 289 humiliari,

905 299 952 331 Ut
972 299 1006 330 in
1030 306 1128 338 regno
1151 298 1273 331 valeam

951 355 1009 385 per
1033 347 1065 376 te
1089 344 1264 377 sublimari.

905 421 944 452 ln
966 422 1027 453 hoe
1051 424 1142 460 gestu
1166 419 1290 462 capitis,

952 469 1035 508 Iesu,
1062 468 1201 499 actiones

907 514 1087 547 Gratiarum
1113 514 1251 546 reddere

950 563 987 593 in
1010 562 1153 594 adversis
1176 569 1286 592 mones

907 608 1039 648 Dignas,
1065 611 1098 639 te
1122 618 1180 649 per
1203 608 1308 640 varias

954 655 1174 687 tribulationes

905 701 1106 741 Sequendum
1131 702 1173 734 ad
1195 701 1345 744 praemia,

950 748 1006 780 ubi
1029 757 1086 780 nos
1113 757 1253 781 corones.

907 823 977 855 Hoc
1001 825 1050 856 est
1073 825 1163 863 quasi
1191 824 1330 855 diceres:

953 873 996 911 tu,
1024 871 1077 911 qui
1101 871 1180 903 viam
1207 870 1341 910 quaeris,

905 918 964 957 Qui
991 918 1078 949 ducit
1101 918 1143 949 ad
1168 918 1314 957 patriam,

952 974 1012 1004 per
1037 973 1161 997 crucem
1188 964 1321 1003 doceris,

907 1011 940 1043 Si
964 1012 1026 1043 mei
1047 1020 1110 1043 non
1135 1011 1233 1043 fueris

952 1059 1101 1098 imitator,
1129 1058 1225 1099 peris,

905 1106 1060 1138 Ambulas
1085 1106 1118 1136 in
1142 1107 1237 1144 inv10,

951 1156 1054 1185 morte
1077 1153 1231 1185 morieris

906 1228 958 1260 Ne
982 1229 1025 1260 sit
1048 1228 1110 1259 iter
1134 1236 1291 1268 asperum,

953 1276 1088 1315 pedibus
1114 1276 1273 1307 substravi

906 1323 983 1354 Tuis
1007 1323 1069 1354 mei
1094 1323 1254 1363 sanguinis

955 1379 1138 1411 purpuram,
1164 1370 1312 1409 pugnavi,

907 1417 978 1448 Vici
1004 1421 1035 1448 et
1058 1417 1252 1449 latrunculos

954 1465 1025 1496 viae
1050 1464 1219 1503 trucidavi,

907 1511 993 1551 Ergo
1019 1520 1130 1552 passus
1156 1511 1292 1551 ambula,

954 1567 1013 1598 per
1038 1567 1114 1597 quos
1141 1558 1310 1591 ambulavi.

910 1634 947 1666 In
974 1633 1036 1667 hoe
1059 1637 1150 1673 gestu
1175 1634 1300 1674 capitis,

954 1681 1037 1724 Iesu,
1064 1682 1234 1713 relicturus

907 1728 1045 1761 Matrem
1071 1731 1101 1759 et
1128 1729 1328 1768 discipulum,

956 1776 997 1807 ad
1021 1777 1144 1815 patrem
1168 1776 1271 1807 iturus

909 1823 1037 1862 Accipis
1061 1823 1232 1863 licentiam,

955 1870 1100 1901 ultimum
1127 1870 1268 1902 dicturus

912 1915 990 1948 Vale
1015 1917 1300 1959 circumstantibus,

958 1964 1010 1996 hic
1035 1967 1083 1996 est
1106 1974 1209 1997 sermo
1236 1965 1343 1997 durus.

911 2041 963 2073 Ad
988 2041 1082 2072 istam
1105 2041 1265 2073 licentiam

958 2089 1025 2128 quis
1051 2097 1114 2120 non
1139 2092 1313 2131 moveatur,

911 2135 989 2168 Cum
1014 2136 1114 2177 audit,
1141 2137 1225 2177 quod
1248 2135 1333 2169 filius

956 2183 1019 2215 Dei
1042 2184 1206 2222 moriatur,

911 2231 1092 2263 Thesaurus
1118 2234 1182 2264 tam
1207 2230 1323 2263 nobilis

960 2279 1001 2310 de
1023 2279 1141 2311 mundo
1164 2279 1305 2319 tollatur,

912 2326 1072 2359 Universa
1095 2328 1257 2360 continens

959 2376 1104 2416 sepulcro
1131 2375 1320 2408 claudatur}
