1650 2612
687 128 944 164 —187—

167 213 213 250 46,
234 213 254 243 4
266 217 346 247 Luce
367 227 513 255 nunquam
535 230 673 251 occasura
686 224 750 252 U‘V.
775 240 812 245 —
832 223 878 259 47,
899 223 917 251 2
929 224 1023 261 Regni
1035 231 1152 251 consors
1167 225 1196 250 et
1209 224 1334 251 conviva
1347 223 1410 251 UV.
1425 237 1462 242 -

165 252 213 288 47,
232 252 252 281 4
270 255 347 282 Mihi
365 258 462 285 tecum
481 259 658 289 disumbenti
677 262 742 290 UV.
760 277 799 282 -—
821 263 875 291 Str.
897 259 935 290 48
953 262 1013 289 und
1029 259 1066 288 49
1086 262 1186 288 lauten
1205 262 1237 289 in
1257 261 1348 289 SUV:

175 308 222 338 48.
244 311 317 347 Ave,
338 315 414 349 toga,
437 323 495 350 qua
515 317 629 345 velatur

242 349 392 387 Princeps,
413 354 496 381 cuius
516 354 676 383 admiratur

246 387 296 415 Sol
317 397 382 416 eum
401 391 473 418 luna
490 394 681 427 venustatem,

244 425 354 454 Stellae
373 431 492 463 stupent
512 430 682 459 claritatem.

854 317 902 346 49.
922 318 990 351 Ave,
1011 319 1102 354 virgo,
1121 325 1180 344 non
1200 318 1235 346 cle
1254 326 1350 354 grege,

918 356 965 384 Tu
983 358 1015 383 in
1034 357 1084 383 tuo
1104 355 1199 391 gaude
1218 364 1294 391 rege,

920 394 1053 421 Gloriare
1073 395 1132 420 iam
1153 401 1262 426 secura,

918 431 1073 466 Nunquam
1094 440 1128 459 eo
1150 433 1286 459 caritura.

167 491 251 519 Nach
276 492 342 520 dem
363 493 500 522 Schlusse
523 496 573 524 des
593 497 721 525 Psalters
742 499 796 524 mit
816 498 870 526 Str.
890 498 937 525 111
956 496 1000 525 50.
1020 497 1084 533 ffigt
1102 498 1125 525 B
1145 497 1221 524 noch
1240 496 1288 523 die
1308 496 1462 532 folgenden

167 529 313 565 Strophen
338 531 402 566 bei,
429 532 477 560 die
501 535 533 561 in
557 535 667 562 andern
686 536 755 563 Hss.
780 543 844 563 zum
865 536 947 562 Teile
966 535 1076 570 femen,
1101 543 1167 562 zum
1186 534 1269 562 Teile
1296 543 1334 561 an
1354 534 1463 561 andern

167 566 258 595 Orten
277 568 392 597 stehen:

243 626 314 661 Ave,
333 627 427 663 virgo,
447 628 511 656 fons
532 628 567 656 de
587 629 668 662 colle,

242 663 336 700 Imple
355 666 451 702 magis
469 669 499 693 et
517 667 635 701 extolle,

245 700 323 729 Offer
341 702 405 730 Deo
421 712 538 739 precum
561 708 627 732 tura

243 739 319 767 Mihi
339 740 433 768 Deum
453 742 612 777 placatura.

242 806 313 841 Ave,
335 810 428 835 mater
447 810 601 843 exquisita,

242 844 342 881 Virgo,
364 848 446 873 cuius
469 847 558 883 digna
576 849 646 881 vita,

241 882 341 910 Terris
361 885 441 911 vitae
460 884 532 912 dans
554 888 709 919 auctorem,

245 920 342 948 Caelis
363 921 450 949 decus
472 925 501 949 et
521 922 711 958 splendorem.

242 987 314 1021 Ave,
334 989 427 1024 virgo⁷
447 988 513 1016 laus
532 988 636 1022 floreti,

241 1025 310 1052 Tibi
330 1028 463 1062 pangunt
482 1026 557 1054 caeli
576 1027 655 1059 laeti,

242 1063 346 1099 Campi
365 1063 492 1097 gaudent
511 1066 598 1099 atque
617 1072 687 1091 rura

242 1101 320 1128 Tuas
342 1101 443 1129 laudes
465 1102 607 1129 canitura.

240 1167 311 1201 Ave,
332 1169 415 1204 virgo
437 1176 548 1195 summe
567 1168 652 1200 bona,

241 1205 341 1240 Digna
360 1206 482 1241 sceptris
503 1209 532 1233 et
551 1213 666 1238 corona,

240 1242 282 1270 Te
302 1246 443 1279 regnante
463 1244 575 1271 caelum
597 1243 717 1279 plaudit,

239 1281 333 1308 Terra
351 1282 467 1316 gaudet,
488 1290 554 1308 eum
574 1281 631 1308 hoe
650 1281 741 1308 audit.

239 1348 310 1382 Ave,
331 1348 425 1384 virgo,
446 1349 529 1376 cuius
550 1350 680 1382 stratum,

239 1386 328 1413 Nullo
348 1387 412 1413 viro
434 1388 615 1419 temeratum,

241 1423 374 1451 Christus
392 1425 479 1451 natus
499 1424 660 1451 illustravit

239 1462 302 1490 Nec
320 1464 350 1489 te
369 1470 491 1489 nascens
514 1462 664 1489 reseravit.

918 631 987 664 Ave,
1008 632 1093 665 porta
1112 629 1214 657 clausa
1233 630 1314 663 viris,

917 667 1008 703 Virgo
1029 668 1162 703 splendes
1182 670 1212 694 et
1229 668 1347 694 vestiris

918 705 998 733 Luce
1018 706 1095 733 sicut
1113 706 1285 732 vestimento

918 743 1058 780 Dansque
1075 743 1174 770 lumen
1191 742 1380 770 firmamento.

917 809 989 843 Ave,
1009 809 1103 845 virgo,
1125 809 1178 837 flos
1201 817 1368 844 camporum

917 847 964 874 Tu
983 847 1020 874 ad
1040 855 1159 883 campos
1181 847 1319 881 liliorum,

918 885 976 913 Ubi
997 886 1093 920 pascis
1114 893 1178 912 cum
1199 885 1313 918 dilecto,

919 922 1020 951 Deduc
1039 923 1114 950 ealle
1133 931 1179 950 me
1199 923 1316 949 directo.

919 989 990 1022 Ave,
1010 989 1103 1024 virgo,
1124 997 1236 1016 summa
1253 989 1337 1024 legis,

919 1026 1007 1054 Sedes
1026 1026 1087 1053 alta
1106 1028 1210 1054 summi
1234 1028 1319 1061 regis,

917 1065 952 1091 In
973 1073 1031 1100 qua
1050 1073 1146 1091 rerum
1165 1065 1349 1100 gubernator,

919 1102 1032 1138 Regum
1052 1102 1133 1129 sedet
1152 1103 1317 1137 imperator.

918 1168 988 1202 Ave,
1009 1170 1093 1203 virgo
1114 1167 1204 1203 digna
1222 1168 1316 1203 laude¹

920 1206 944 1233 Ο
964 1208 1074 1241 regina,
1095 1214 1207 1240 semper
1226 1206 1328 1242 gaude,

918 1243 961 1270 Te
980 1245 1105 1279 reginae,
1130 1246 1159 1270 te
1180 1247 1348 1271 cunctorum

918 1281 1056 1309 Laudant
1075 1290 1127 1308 ora
1143 1282 1326 1317 populorum.

919 1349 989 1382 Ave,
1010 1356 1125 1383 gemma
1145 1348 1299 1381 castitatis,

917 1385 1010 1420 Virgo
1030 1385 1088 1413 Dei
1107 1386 1247 1420 civitatis,

918 1424 1038 1458 Lumen,
1058 1423 1134 1451 lucis
1154 1423 1380 1457 fundamentum,

918 1460 990 1489 Esto
1010 1461 1106 1489 laudis
1127 1462 1377 1497 complementum.

164 1529 253 1556 Danu
273 1528 348 1565 folgt
366 1537 425 1556 von
446 1529 567 1556 anderer
586 1528 676 1556 Hand
694 1527 882 1565 geschrieben
902 1528 950 1556 die
969 1527 1106 1564 Strophe:

579 1586 650 1618 Ave,
668 1586 761 1621 virgo,
780 1585 834 1613 flos
854 1587 1030 1621 sauctorum,

579 1623 627 1650 Ex
646 1625 676 1651 te
694 1623 760 1650 fluit
777 1623 842 1651 fons
861 1623 1019 1656 hortorum,

578 1661 655 1697 Riga
673 1668 765 1697 regna
784 1662 913 1695 orientis,

577 1698 710 1726 Paradisi
729 1702 847 1727 nostrae
866 1699 982 1726 mentis.

162 1766 293 1794 Hierauf
313 1764 381 1794 fi'mf
403 1765 561 1801 Stmphen,
588 1765 635 1793 die
660 1765 711 1793 das
734 1764 932 1792 Akrostichon
958 1762 1087 1800 „Maria“
1108 1765 1220 1799 bilden,
1248 1765 1351 1793 dessen
1369 1766 1464 1793 Buch-

163 1806 268 1833 staben
300 1804 490 1831 unmittelbar
520 1802 571 1831 auf
598 1803 646 1831 die
675 1803 789 1831 Anrede
819 1802 899 1839 „Ave
927 1800 1027 1837 virgo“
1062 1803 1168 1839 folgen.
1214 1803 1323 1839 Einige
1354 1805 1464 1840 wenige

162 1842 269 1871 F'ehler
289 1843 339 1870 des
357 1841 526 1869 Schreibers
546 1842 578 1868 in
598 1841 698 1869 diesen
717 1840 777 1869 und
796 1841 852 1868 den
871 1840 1128 1876 vorhergehenden
1142 1840 1286 1877 Strophen
1306 1842 1375 1869 sebe
1394 1850 1463 1869 man

163 1881 212 1909 bei
231 1881 321 1909 Mone
339 1880 378 1914 H,
400 1880 429 1908 S.
451 1877 515 1907 250.

240 1939 312 1973 Ave,
332 1938 425 1973 virgo,
449 1934 540 1964 Mater
558 1937 616 1972 pia,

238 1976 343 2004 Mundi
362 1976 451 2007 salus,
470 1976 551 2002 vitae
570 1975 628 2008 via,

239 2016 381 2043 Miserere
400 2015 458 2041 mei
478 2021 592 2048 semper

237 2053 279 2081 Et
297 2055 428 2081 tutamen
450 2052 488 2079 da
507 2052 680 2087 frequenter.

238 2111 310 2145 Ave,
331 2111 416 2147 virgo
436 2107 514 2143 Alta,
536 2108 661 2141 schema,

238 2150 330 2178 Nulla
350 2151 410 2176 'tam
430 2148 582 2185 praeclara
600 2155 716 2183 gemma

237 2188 318 2216 Inter
338 2196 438 2215 omnes
462 2186 635 2222 margaritas

237 2227 273 2254 In
293 2234 402 2254 corona
422 2225 480 2253 Dei
500 2226 582 2252 sitas.

919 1937 991 1969 Ave,
1011 1938 1102 1972 virgo,
1123 1934 1200 1965 Rara
1219 1937 1349 1971 multum,

919 1975 1010 2010 Virgo
1031 1974 1118 2010 clara,
1140 1976 1223 2002 cuius
1243 1975 1357 2002 vultum

918 2013 1031 2048 Regum
1051 2013 1185 2048 princeps
1205 2014 1361 2049 requiSivit

919 2051 960 2078 Et
979 2051 1112 2079 decorem
1135 2052 1311 2088 concupivit.

920 2109 990 2142 Ave,
1009 2110 1094 2143 virgo
1113 2105 1204 2142 Iusta,
1224 2111 1311 2144 recta,

919 2148 965 2174 Tu
985 2146 1090 2174 decora
1109 2150 1139 2174 et
1157 2147 1292 2182 perfecta,

918 2186 1012 2213 Natus
1030 2188 1098 2212 tuus
1118 2193 1169 2213 rex
1188 2185 1305 2213 deorum

918 2223 959 2251 Et
977 2225 1010 2250 tu
1032 2223 1119 2251 decus
1140 2223 1307 2251 electorum.

576 2281 649 2315 Ave,
669 2282 753 2317 virgo
773 2278 858 2308 Alma
876 2281 973 2313 nimis,

580 2320 647 2347 Duc
665 2320 698 2346 in
717 2319 808 2346 altum
826 2327 873 2347 me
892 2319 929 2347 ab
947 2319 1023 2354 imis,

575 2358 626 2385 Me
645 2358 785 2394 pusillum
804 2360 834 2385 et
852 2360 981 2393 egentem

575 2397 612 2424 In
631 2399 660 2424 te
681 2393 820 2432 [omnem]
840 2404 919 2431 spem
936 2396 1099 2425 habentem.
