1650 2612
211 202 265 234 30.

211 603 263 635 31.

211 1005 264 1037 32.

209 1407 262 1438 33.

711 103 966 137 -230—

292 200 411 242 Gaude,
438 208 527 240 quam
552 208 608 230 rex
632 199 768 231 omnium

338 247 487 279 humilem
510 247 660 286 respexit,

292 295 349 333 Qui
373 293 522 325 sublimes
546 294 704 324 hominum

336 342 441 372 oculos
468 340 619 382 despexit,

291 387 410 419 Sentiat
435 386 616 424 humillime,

336 436 483 473 quantum
510 441 566 464 nos
593 433 713 471 dilexit,

291 480 372 518 Quos
397 488 431 511 se
456 480 502 510 sie
525 479 692 511 humilians

334 527 366 558 in
393 527 495 557 caelos
519 527 632 559 evexit.

292 602 410 643 Gaude,
437 602 526 632 verbi
550 602 683 643 requies,

336 650 431 687 locus,
459 657 549 687 quem
574 649 677 689 elegit,

294 695 386 727 Cuius
411 697 502 735 pater
525 696 658 734 pedibus

335 743 438 774 omnia
462 742 596 783 subegit,

290 788 392 828 Super
414 788 520 821 David
545 790 654 820 solium

336 836 448 868 sedens
475 839 586 867 cuneta
606 837 696 876 regit,

290 883 346 921 Qui
374 883 413 914 de
437 882 540 914 David
566 882 633 914 filia

336 929 423 960 nasci
450 930 631 969 praeelegit.

293 1004 412 1044 Gaude,
440 1004 525 1035 cuius
550 1003 633 1035 filius

336 1052 438 1082 caelos
464 1059 531 1081 cum
558 1052 708 1093 ascendit,

291 1097 437 1129 Caritatis
463 1098 601 1137 regulam

337 1144 467 1176 mandat
491 1148 520 1175 et
544 1145 708 1185 impendit,

289 1191 487 1231 Unguentum
510 1191 543 1222 in
569 1192 672 1231 capite

333 1238 366 1269 in
390 1237 520 1269 barbam
547 1238 718 1278 descendit,

290 1285 389 1316 Misso
416 1283 558 1316 Christus
583 1285 696 1324 spiritu

337 1340 408 1363 suos
435 1340 501 1362 cum
528 1332 682 1366 accendit,

290 1406 409 1449 Gaude,
437 1406 538 1445 daque
561 1407 717 1447 gaudium,

335 1457 435 1485 mater
460 1453 636 1495 benedicta,

289 1499 351 1531 Sub
375 1500 497 1540 peccati
519 1501 660 1539 pondere

334 1549 429 1587 gemit
453 1555 539 1578 mens
564 1546 700 1588 adflicta,

288 1594 349 1625 Pia
371 1595 468 1637 virgo,
492 1594 625 1626 subleva

339 1642 460 1673 diluens
486 1641 610 1683 delicta,

288 1687 333 1719 Ut
356 1689 403 1719 sie
426 1688 516 1719 nobis
541 1688 675 1720 hostium

336 1735 428 1767 cedat
451 1743 538 1766 mens
562 1736 690 1767 invicta.

208 1810 260 1842 34.
286 1809 404 1849 Gaude,
431 1813 532 1841 mater
553 1811 669 1851 gaudii,

209 2214 262 2246 35.

335 1866 391 1896 per
416 1867 508 1896 quam
532 1867 587 1889 rex
612 1859 727 1901 illuxit,

288 1905 345 1942 Qui
370 1913 458 1936 suum
485 1905 524 1936 de
548 1905 686 1937 tenebris

336 1951 483 1992 populum
509 1952 626 1995 eduxit,

290 1997 371 2036 Quos
398 1998 505 2030 divisis
529 1997 676 2031 fluetibus

336 2053 392 2084 per
415 2053 502 2076 mare
526 2047 676 2090 traduxit,

289 2091 325 2122 In
353 2092 476 2123 deserto
503 2092 618 2132 dirigat

335 2138 468 2179 Regens,
495 2148 571 2178 quos
596 2141 731 2173 reduxit.

292 2213 412 2254 Gaude,
435 2215 536 2244 mater
559 2214 694 2247 Domino

336 2261 530 2292 dominorum
556 2261 660 2305 digna,

290 2307 379 2346 Quod
407 2307 534 2339 deorum
561 2309 718 2341 dominum

339 2355 413 2387 data
439 2354 550 2386 decent
575 2356 673 2397 signa,

885 414 939 445 36.

883 818 925 849 37

881 1220 924 1251 38

880 1623 922 1654 39

880 2028 923 2060 40

965 197 1031 235 Quo
1056 198 1157 228 mater
1182 205 1250 228 cum
1276 195 1340 227 filio

1011 245 1065 282 pie
1088 251 1145 273 nos
1170 243 1329 283 consigna,

964 290 1013 321 Ne
1037 298 1094 321 nos
1120 289 1345 321 circumveniat

1010 336 1120 368 Hostis
1145 345 1196 366 ars
1223 336 1368 376 maligna.

968 412 1089 453 Gaude,
1115 420 1172 442 nos
1197 412 1230 442 in
1255 410 1320 442 filio

1009 459 1092 491 veris
1118 458 1222 489 ditans
1248 458 1348 501 bonis,

961 507 1043 545 Quos
1068 516 1087 537 a
1110 506 1181 545 iugo
1207 505 1340 537 miserae

1008 554 1103 584 solvit
1126 551 1307 594 Babylonis,

963 600 1024 631 Hie
1047 600 1080 631 in
1105 599 1194 630 nobis
1220 602 1383 631 conterens

1010 647 1114 686 capita
1139 646 1283 678 draconis

963 695 1058 726 Petra
1084 694 1186 732 quoad
1212 694 1360 733 parvulos

1010 742 1053 772 sit
1077 740 1240 773 allisionis,

966 817 1086 857 Gaude,
1112 816 1200 855 virgo
1225 817 1351 855 pariens

1008 872 1111 904 regem
1136 863 1326 902 angelorum,

960 911 1125 950 Templum
1151 908 1234 941 facta
1259 910 1385 941 Domini

1009 958 1139 997 lausque
1162 956 1335 997 beatorum,

962 1004 1008 1035 Te
1031 1004 1196 1035 laudantes
1222 1003 1360 1043 adgrega

1012 1050 1158 1083 laudibus
1182 1059 1297 1092 eorum,

962 1098 1127 1129 Portantes
1152 1097 1339 1139 manipulos,

1007 1153 1139 1176 messem
1165 1144 1358 1177 meritorum.

963 1218 1083 1259 Gaude,
1109 1219 1195 1249 cuius
1219 1218 1302 1249 filius

1008 1266 1091 1297 sedit
1115 1269 1146 1295 et
1168 1266 1319 1305 respexit,

961 1313 1037 1344 Cum
1062 1320 1120 1352 pro
1145 1312 1235 1343 nobis
1259 1314 1402 1343 mortuus

1007 1359 1149 1391 Christus
1173 1359 1355 1398 resurrexit,

960 1405 1012 1437 Sic
1036 1408 1158 1438 noctem
1182 1406 1362 1437 illuminans

1006 1453 1217 1491 triumphator
1242 1453 1317 1493 exit,

961 1499 1036 1532 Cum
1062 1501 1163 1532 vietor
1187 1500 1225 1531 ab
1250 1499 1361 1531 inferis

1005 1548 1108 1586 spolia
1131 1547 1262 1579 revexit.

961 1622 1081 1665 Gaude,
1106 1624 1208 1653 mater
1231 1622 1368 1661 luminis,

1007 1670 1109 1701 lumen
1138 1670 1215 1701 dans
1240 1678 1395 1710 serenum,

960 1717 1024 1748 Per
1048 1717 1108 1749 hoo
1128 1717 1190 1748 iter
1214 1717 1335 1756 laqueis

1007 1764 1228 1804 scandalisque
1251 1765 1379 1803 plenum

959 1812 1012 1843 Ad
1038 1820 1165 1852 regnum
1191 1820 1250 1851 per
1274 1820 1388 1851 aspera

1007 1860 1097 1891 trahe
1121 1867 1178 1890 nos
1203 1867 1377 1898 amoenum,

961 1905 1122 1938 Suscitans
1148 1906 1188 1937 ad
1213 1906 1346 1947 gloriam

1009 1954 1112 1985 earnis
1136 1955 1264 1984 nostrae
1288 1952 1425 1987 foenum.

963 2028 1083 2071 Gaude,
1109 2037 1168 2069 per
1192 2038 1284 2068 quam
1308 2030 1432 2061 redolet

1006 2076 1167 2107 incensum
1194 2076 1341 2118 divinum,

963 2122 1105 2155 Christus
1131 2121 1319 2153 sacrificium

1011 2169 1112 2201 faetus
1136 2170 1359 2209 vespertinum,

962 2216 1013 2248 Da
1034 2219 1107 2256 post
1130 2219 1252 2247 noctem
1276 2218 1394 2249 saeculi

1008 2265 1105 2295 solem
1131 2263 1317 2294 matutinum

963 2311 1110 2350 Cernere,
1136 2318 1226 2349 quem
1252 2311 1408 2344 eredimus

1009 2367 1103 2390 unum
1128 2361 1222 2396 atque
1245 2358 1373 2394 trinum,
