1650 2612
192 214 223 246 8.
249 214 328 256 Ave,
353 221 413 254 per
438 222 531 253 quam
558 214 702 246 Christus
727 217 775 246 est

170 1022 223 1055 10.

167 1428 221 1460 11.

167 1834 222 1866 12.

164 2243 220 2276 13.

701 118 938 153 -13—

300 260 395 292 caelis
420 260 573 300 elevatuS,

251 306 419 340 Paululum
444 307 483 339 ab
510 307 630 347 angelis

299 354 395 386 terris
420 354 606 394 minoratus,

254 403 292 435 In
317 401 464 434 caelestis
489 402 609 442 gloriae

300 449 376 481 sede
402 451 580 492 coronatus,

249 494 387 528 Nostrae
410 496 453 527 sit
476 496 624 528 miseriae

296 552 355 583 per
379 545 412 574 te
435 543 614 576 miseratus.

217 642 226 650 .
251 619 332 659 Ave,
359 627 420 658 qua
444 618 596 650 iudicium

298 668 441 698 nostrum
467 665 619 706 iudicare,

251 711 401 744 Nostram
427 720 552 743 causam
577 710 684 743 veniet

300 758 445 790 Christus
470 758 634 797 ventilare,

249 806 314 838 Per
338 808 370 837 te
396 814 506 838 causas
532 804 692 837 hominum

297 853 376 884 velit
399 853 539 892 allegare

248 899 360 942 ludex,
387 900 441 939 qui
464 899 617 931 iudicium

296 947 392 979 habet
415 946 629 986 promulgare.

249 1023 330 1062 Ave,
358 1030 445 1062 crux,
473 1031 534 1061 qua
558 1021 695 1054 moriens

297 1068 338 1100 de
361 1068 479 1101 mundo
503 1068 653 1107 migravit

250 1116 351 1148 Verus
375 1124 496 1157 passer,
523 1115 683 1147 hominum

298 1163 351 1202 qui
375 1163 498 1203 lepram
523 1162 682 1204 purgavit,

248 1210 308 1250 Qui
332 1218 391 1249 pro
416 1210 507 1250 lepra
528 1217 691 1249 passerem

297 1256 404 1289 offerri
429 1256 603 1295 mandavit,

248 1303 314 1337 Nos
339 1314 359 1336 a
384 1304 475 1343 lepra
499 1304 626 1346 liberet,

296 1360 376 1391 quae
401 1354 537 1383 mentem
563 1349 714 1382 foedavit.

248 1428 327 1465 Ave,
355 1427 440 1459 salus
466 1425 588 1466 populi,

293 1474 412 1514 lignum
438 1473 629 1515 sanctitatis,

247 1521 403 1562 Insignita
425 1521 544 1553 lumine

294 1577 391 1601 verae
414 1567 581 1609 claritatis,

249 1617 311 1649 Per
335 1617 368 1647 te
390 1614 471 1648 salvi
496 1614 626 1647 videant

295 1663 402 1695 lumen
428 1661 584 1704 veritatis,

247 1710 307 1752 Qui
332 1711 406 1742 sunt
429 1710 463 1742 in
488 1709 621 1741 circuitu

294 1759 386 1790 rotae
410 1756 572 1790 vanitatis.

248 1834 326 1876 Ave,
354 1842 416 1873 qua
440 1832 606 1865 succubuit

294 1879 414 1921 praedo
441 1879 665 1919 depraedatus,

249 1927 400 1960 Inimicus
425 1927 561 1967 amplius

293 1984 358 2007 non
382 1977 431 2006 est
455 1975 623 2017 exaltatus,

247 2023 311 2055 Per
334 2024 367 2054 te
391 2021 506 2054 mentis
531 2022 639 2054 oculus

294 2069 338 2101 sit
357 2069 554 2102 illuminatus

246 2117 315 2149 Nec
338 2116 373 2149 in
396 2116 507 2149 mortis
535 2115 674 2149 dormiat

296 2164 437 2197 tenebitis
464 2166 619 2197 caecatus.

246 2242 327 2282 Ave,
355 2250 433 2273 crux
459 2240 659 2275 sanctissimo

294 2288 448 2329 sauguine
472 2297 630 2329 respersa,

246 2337 344 2378 Quem
369 2337 488 2378 sparsit
512 2337 545 2368 in
570 2339 716 2376 posteros

296 2383 416 2417 Iudaea
437 2392 601 2425 perversa,

848 430 901 463 14.

848 832 903 864 15.

846 1238 903 1271 16.

845 1643 899 1676 17.

845 2049 903 2083 18.

928 212 1023 253 Signo
1046 212 1095 244 sui
1119 212 1247 243 sceleris

976 268 1035 299 per
1058 259 1167 292 orbem
1194 258 1338 298 dispersa

928 306 991 339 Per
1015 309 1048 338 te
1071 306 1115 338 sit
1140 306 1308 346 captivitas

976 354 1077 385 Israel
1100 361 1222 385 aversa.

928 430 1007 469 Ave,
1033 428 1231 461 tabernaculi

975 476 1144 518 mysticum
1167 475 1279 518 altare,

928 524 965 556 In
989 532 1050 564 quo
1075 522 1138 555 fuit
1161 522 1265 555 hostia

974 572 1117 602 nostrum
1142 570 1290 610 salutare,

928 615 1078 649 Pontifex
1104 618 1135 647 et
1159 617 1262 649 hostia

975 666 1103 695 sanctae
1128 662 1232 696 factus
1258 671 1332 694 arae

929 710 990 742 Suo
1015 710 1220 742 tabernaculo

976 766 1033 789 nos
1060 757 1114 789 det
1137 756 1294 788 habitare.

929 834 1008 871 Ave,
1036 833 1123 864 cuius
1149 832 1275 864 titulum

976 880 1091 911 scimus
1115 879 1323 916 immutatum,

928 926 975 960 Ut
1000 927 1164 958 credamus
1189 926 1336 958 stabilem

977 973 1094 1006 Christi
1119 973 1343 1012 principatum,

929 1021 966 1053 In
992 1024 1023 1052 te
1047 1020 1159 1052 bibens
1184 1019 1336 1052 Dominus

975 1068 1106 1099 calicem
1130 1070 1303 1099 murratum

932 1114 1081 1146 Nostrum
1109 1122 1162 1146 cor
1185 1115 1219 1146 in
1243 1113 1378 1146 Domino

975 1160 1074 1193 faciat
1095 1162 1257 1193 laetatum.

929 1238 1009 1277 Ave,
1037 1237 1125 1268 cuius
1150 1236 1314 1268 summitas

974 1285 1015 1316 ad
1041 1285 1160 1315 caelum
1186 1283 1340 1316 ascendit„

924 1330 1122 1364 Profundum
1146 1332 1187 1363 acl
1212 1329 1332 1362 inferos

975 1379 1121 1411 deorsum
1148 1378 1329 1411 descendet,

928 1427 1061 1459 orantes
1088 1425 1246 1465 exaudiat,

972 1474 1025 1513 qui
1049 1472 1082 1503 in
1107 1476 1139 1504 te
1164 1471 1328 1512 pependit,

926 1520 984 1560 Qui
1010 1529 1131 1552 summa
1157 1528 1227 1551 cum
1251 1517 1367 1551 infimis

973 1575 1067 1599 cruce
1092 1566 1344 1606 comprehendit.

926 1644 1007 1684 Ave,
1034 1652 1096 1684 qua
1121 1643 1333 1675 circumdatus

977 1690 1057 1723 dolis
1085 1690 1264 1723 dolosorum

928 1738 1042 1771 Dolori
1067 1738 1230 1770 condoluit

978 1784 1122 1817 Christus
1147 1787 1353 1823 mortuorum,

928 1832 996 1864 Nos
1021 1842 1040 1864 a
1065 1832 1167 1864 causis
1189 1832 1306 1864 liberet

975 1880 1101 1919 penitus
1127 1879 1280 1919 dolorum,

929 1927 1046 1959 Volans
1070 1934 1166 1967 super
1192 1925 1362 1960 Cherubim

975 1976 1007 2005 et
1030 1982 1150 2015 pennas
1177 1976 1353 2006 ventorum.

927 2050 1007 2090 Ave,
1036 2057 1094 2089 per
1119 2058 1212 2090 quam
1237 2049 1382 2090 geminus

977 2097 1064 2137 gigas
1090 2095 1167 2129 fecit
1192 2106 1328 2140 cursum,

927 2144 978 2177 De
1002 2145 1132 2177 summis
1155 2145 1198 2176 ad
1219 2144 1329 2176 infima

977 2190 1098 2224 faciens
1124 2200 1300 2233 excursum,

928 2240 1105 2273 Recurrens
1130 2239 1169 2272 ab
1193 2238 1307 2272 inferis

975 2287 1017 2319 ad
1041 2295 1179 2327 superna
1204 2296 1337 2327 rursum,

930 2334 985 2367 Sui
1011 2343 1120 2367 cursus
1145 2335 1248 2367 socios

974 2391 1082 2415 secum
1106 2382 1201 2416 vehat
1224 2390 1358 2416 sursum.
