1650 2612
518 576 599 607 XIII.
631 576 816 607 psalterium
836 576 949 608 beatae
969 577 1085 608 Mariae
1107 576 1139 607 V.

589 665 733 698 Prima
764 666 1071 706 Quinquagena.

223 757 229 764 .
255 731 336 771 Ave,
361 734 455 770 porta
479 731 631 771 paradisi,

256 777 392 817 Lignum
419 778 512 819 vitae,
538 778 622 817 quod
646 778 746 820 amisi,

255 826 319 857 Per
343 828 375 855 te
399 824 476 856 mihi
500 824 562 856 iam
589 825 742 857 dulcescit

255 872 300 904 Et
322 872 434 903 salutis
459 870 581 904 fructus
607 872 730 905 crescit.

225 972 232 979 .
258 948 339 985 Ave,
366 956 487 978 morum
514 946 692 987 disciplina,

254 993 348 1026 Vitae
372 994 433 1035 via,
459 995 513 1025 lux
540 994 657 1034 divina,

254 1043 340 1074 Iram
368 1041 426 1072 Dei
451 1040 611 1080 mitigasti,

253 1088 384 1127 Quando
410 1089 515 1120 Iesum
539 1088 706 1127 generasti.

222 1191 230 1198 .
256 1165 336 1203 Ave,
363 1163 461 1204 virgo,
489 1163 575 1194 cuius
601 1163 719 1195 clamor

253 1210 363 1242 Nostri
390 1209 451 1241 fuit
473 1210 543 1250 pius
568 1219 665 1249 amor,

251 1257 310 1298 Qui
336 1257 376 1288 de
401 1259 506 1289 monte
531 1257 709 1296 exauditur,

252 1304 391 1337 Verbum
417 1304 505 1336 carni
531 1313 599 1336 cum
624 1303 740 1336 unitur.

217 1405 222 1411 .
249 1382 329 1420 Ave,
356 1380 443 1411 cuius
469 1377 677 1419 refulgentem

250 1427 410 1467 Splendor
434 1426 535 1466 patris
560 1425 638 1457 fecit
653 1428 798 1464 mentem,

252 1475 302 1506 De
325 1474 497 1513 splendore
520 1474 626 1504 vultus
649 1473 699 1505 sui

250 1522 318 1554 Fac
342 1520 506 1560 signentur
530 1521 614 1552 servi
638 1521 694 1553 tui.

218 1623 225 1630 .
251 1598 336 1632 Ave,
364 1596 515 1635 templum
539 1599 680 1627 sanctum
707 1596 775 1635 Dei,

247 1644 299 1676 Ad
326 1643 410 1683 quod
437 1646 567 1674 currunt
591 1651 697 1675 omnes
723 1643 780 1686 rei,

251 1693 297 1726 Ut
318 1690 358 1722 ab
382 1690 474 1722 hoste
496 1689 682 1730 liberentur,

248 1740 279 1771 A
304 1747 365 1778 quo
391 1738 476 1777 capti
502 1737 691 1770 detinentur.

216 1841 222 1847 .
250 1815 335 1856 Ave,
364 1814 449 1845 salus
474 1811 678 1855 infirmorum,

250 1862 294 1895 Et
319 1861 460 1893 solamen
484 1860 680 1901 miserorum,

251 1912 280 1942 A
306 1908 415 1940 furore
439 1907 531 1940 nimis
557 1908 642 1939 tristi

251 1957 318 1990 Nos
345 1955 492 1997 defende,
518 1958 620 1987 mater
644 1955 773 1989 Christi.

215 2059 222 2066 .
248 2034 330 2073 Ave,
356 2032 444 2064 cuius
469 2041 524 2065 cor
550 2034 584 2063 et
608 2039 699 2063 renes

250 2081 402 2114 Scrutans
428 2080 513 2112 Deus
539 2089 635 2119 supra
659 2087 761 2119 senes,

247 2130 295 2161 Tc
316 2128 439 2160 invenit
463 2127 579 2159 mundo
605 2126 701 2159 corde

247 2176 452 2216 Impollutam
479 2175 563 2206 omni
589 2174 692 2206 sorde.

215 2277 222 2284 .
246 2253 326 2289 Ave,
353 2253 439 2284 cuius
464 2253 496 2285 in
522 2250 588 2283 filio

248 2300 368 2333 Nostra
393 2300 434 2332 sit
460 2299 608 2342 visitatio,

249 2347 305 2380 Cui
332 2348 447 2380 decoro
471 2347 574 2389 gloria

249 2397 345 2428 Pater
369 2395 503 2428 subiecit
526 2395 641 2428 omnia.

898 732 929 764 9.

874 947 927 980 10.

872 1164 927 1196 11.

871 1382 925 1414 12.

873 1597 927 1630 13.

874 1815 927 1847 14.

874 2034 925 2066 15.

871 2252 925 2285 16.

955 731 1035 771 Ave,
1061 731 1160 771 virgo,
1188 739 1267 771 quae
1291 731 1330 762 de
1354 730 1455 770 portis

955 778 1019 810 Nos
1045 778 1165 809 exaltas
1191 778 1280 810 dirae
1305 778 1428 816 morde„

957 825 998 857 Ut
1020 826 1054 857 in
1078 825 1178 864 portis
1204 824 1278 857 Sion
1303 828 1420 856 stemus

952 872 1059 912 Teque
1084 872 1178 912 digne
1202 872 1427 904 collaudemus

954 949 1033 989 Ave,
1059 947 1189 979 lucerna
1213 947 1341 987 saeculi,

954 994 1042 1026 Beati
1067 994 1153 1026 cuius
1179 994 1259 1026 oculi

951 1041 1137 1081 Respiciunt
1159 1042 1191 1073 in
1216 1049 1387 1080 pauperem

951 1088 1097 1120 Ferendo
1122 1097 1213 1127 opem
1238 1088 1384 1121 celerem.

952 1164 1032 1205 Ave,
1058 1164 1145 1195 cuius
1171 1164 1295 1202 eloquia

949 1211 996 1243 Ut
1022 1213 1184 1250 argentum
1210 1211 1365 1252 sonantia,

950 1258 1028 1297 Igne
1053 1261 1142 1289 cocta
1166 1258 1374 1298 septemplici,

951 1306 1051 1337 Plena
1074 1306 1227 1337 sermonis
1252 1306 1387 1345 mystici.

950 1381 1030 1421 Ave,
1057 1383 1158 1412 mater
1178 1380 1337 1420 salutaris,

952 1428 1050 1461 Cuius
1076 1431 1146 1459 ortu
1173 1428 1352 1470 gratularis,

952 1475 1053 1507 Canta
1077 1475 1156 1515 Deo,
1180 1477 1256 1507 nato
1280 1475 1408 1514 plaude,

951 1522 1001 1554 De
1027 1522 1149 1554 collatis
1177 1522 1266 1554 bonis
1292 1523 1405 1562 gaude.

952 1598 1032 1641 Ave,
1058 1596 1133 1629 Sion
1159 1597 1344 1637 specularis,

953 1645 1004 1677 Ex
1029 1648 1060 1676 te
1087 1645 1183 1677 datur
1206 1644 1365 1685 salutaris,

957 1693 1017 1724 Per
1041 1701 1130 1732 quem
1157 1692 1241 1724 redit
1265 1692 1419 1725 liberatus

954 1740 1056 1771 Homo
1080 1740 1237 1778 quondam
1255 1740 1443 1779 captivatus,

952 1815 1030 1857 Ave,
1059 1823 1138 1854 quae
1161 1815 1229 1847 illic
1254 1814 1389 1857 habitas,

952 1862 1015 1894 Ubi
1040 1862 1128 1901 pacis
1153 1863 1375 1904 tranquillitas,

952 1909 1111 1942 lustorum
1137 1910 1342 1942 tabernacula

952 1959 1099 1998 Ingressa
1123 1958 1191 1989 sine
1215 1958 1346 1990 macula.

952 2034 1031 2075 Ave,
1057 2036 1145 2065 cuius
1169 2042 1243 2075 pars
1267 2033 1300 2065 in
1325 2035 1413 2067 caelo

952 2081 1044 2113 Calix
1070 2081 1171 2113 crucis
1198 2084 1246 2113 est
1273 2081 1313 2113 de
1338 2083 1428 2122 prelo

953 2129 1026 2161 Tibi
1052 2126 1143 2160 funes
1166 2129 1200 2161 in
1225 2130 1398 2170 praeclaris

952 2176 1150 2220 Ceciderunt,
1178 2176 1272 2208 stella
1296 2177 1402 2212 maris.

949 2252 1029 2294 Ave,
1055 2252 1155 2294 virgo,
1180 2253 1288 2293 lingua
1313 2254 1400 2285 cuius

952 2300 1060 2332 Verba
1085 2300 1169 2332 vitae
1193 2301 1295 2333 nescit
1319 2301 1421 2342 huius,

954 2347 1062 2380 Gnara
1084 2348 1196 2380 laudes
1220 2348 1279 2381 Dei
1306 2347 1367 2381 fari

950 2395 1027 2436 Igne
1051 2398 1175 2436 sumpto
1201 2397 1240 2428 de
1264 2397 1370 2429 altari.
