1650 2612
232 205 285 237 1¹7.

233 523 286 554 18.

232 838 287 871 19.

226 1156 280 1187 20.

226 1473 280 1505 21.

223 1792 278 1826 22.

223 2119 278 2151 23.

745 106 976 142 -34-

312 204 392 245 Ave,
416 204 499 244 Iesu,
526 211 613 235 amor
636 201 738 241 fortis,

309 250 474 282 Toleranti
497 258 615 289 poenas
638 248 749 279 mortis

359 297 467 330 Crucis
491 297 525 327 in
548 295 729 335 opprobrio,

310 343 372 383 En,
398 343 519 375 assistit
540 342 599 374 illa
621 351 693 382 una,

312 390 410 428 Quam
439 390 594 420 mirantur
618 388 666 420 sol
692 390 724 419 et
746 388 832 428 luna,

356 436 380 468 Ο
408 435 544 467 dolenda
567 435 667 466 visio!

311 521 389 563 Ave,
414 520 487 552 Iesu
510 519 685 559 Nazarene,

309 567 385 599 Flos
411 566 534 605 decore,
559 564 617 598 flos
641 573 780 605 amoene,

355 612 443 655 Flos,
469 621 559 652 quem
583 612 674 653 virga
689 611 833 654 protulit,

313 660 417 702 Cuius,
443 668 511 691 cum
535 663 569 690 te
590 660 776 692 morientem

310 707 519 748 inspectaret,
545 706 629 745 piam
653 709 789 737 mentem

357 754 415 786 Vis
435 753 551 785 doloris
575 753 722 793 perculit.

312 838 392 878 Ave,
417 839 501 878 Iesu,
528 837 628 869 duleis
654 846 750 875 amor,

306 883 407 916 Dolor
416 884 571 924 planctus,
585 883 688 923 fletus,
701 884 830 923 clamor,

354 930 414 970 Qui
436 930 575 963 Mariam
598 931 699 962 tenuit

308 978 519 1009 Assistentem
542 986 645 1017 prope
667 977 736 1017 tibi,

309 1024 371 1055 Per
393 1033 444 1055 me
468 1025 589 1056 mutum
612 1033 672 1055 nee
695 1023 833 1055 describi

354 1069 404 1102 Ne
429 1069 538 1102 defien·
561 1071 674 1110 potuit.

307 1156 385 1198 Ave,
411 1156 485 1187 Iesu
509 1155 685 1197 vulnerate,

312 1202 410 1241 Quam
432 1202 578 1233 miranda
602 1203 735 1235 caritate

356 1248 426 1281 Tua
449 1248 573 1289 plangit
597 1250 737 1290 vulnera,

309 1295 392 1327 Olim
415 1296 475 1327 tibi
500 1303 579 1335 quae
602 1297 743 1336 laetenti,

307 1341 415 1374 Laetis
438 1345 547 1382 potum
572 1343 701 1380 sitienti,

356 1388 454 1421 Sacra
479 1388 598 1421 dabant
620 1390 727 1422 ubera.

306 1472 388 1515 Ave,
412 1473 494 1511 Iesu,
521 1475 652 1506 matrem
677 1474 761 1514 vide,

304 1519 424 1558 Quanto
447 1520 545 1560 luctu,
572 1523 689 1560 quanta
712 1520 778 1553 fide

350 1565 482 1598 Dulcem
509 1567 633 1607 plangit
657 1567 767 1610 filium,

304 1613 523 1654 Frangebatur
546 1614 575 1645 vi
598 1615 726 1655 doloris,

306 1659 382 1692 Cum
407 1661 532 1693 videret
554 1662 603 1692 sui
626 1660 713 1693 floris

349 1707 487 1740 Mortem
513 1710 545 1739 et
569 1709 708 1743 exitium.

302 1792 383 1833 Ave,
408 1793 491 1834 lesu,
516 1801 590 1826 rosa
617 1794 729 1835 crucis,

302 1838 378 1871 Cum
399 1848 457 1879 per
476 1840 618 1873 membra
641 1841 719 1872 clari
736 1842 825 1874 ducis

351 1886 451 1919 Cruor
474 1889 581 1918 tantus
602 1888 719 1927 rubuit,

300 1932 395 1964 Hunc
417 1933 523 1964 Maria
547 1942 617 1965 eum
642 1934 775 1974 videret,

300 1976 498 2010 Defluentem
524 1988 594 2011 cum
620 1979 760 2021 defleret,

347 2025 430 2057 Prae
456 2026 566 2058 dolore
589 2028 693 2067 riguit.

303 2119 383 2158 Ave,
408 2119 490 2161 Iesu,
516 2121 686 2152 recordare

303 2164 473 2197 Sunamitis
497 2166 588 2198 huius
611 2168 724 2206 clarae,

351 2211 405 2244 Sic
428 2212 585 2244 foedantis
610 2212 732 2253 faeiem,

302 2258 430 2291 Florem
453 2259 537 2302 vide,
565 2268 659 2293 cerne
681 2270 795 2301 rosam,

304 2305 499 2346 obstupesce
522 2308 698 2346 speciosam

348 2354 421 2387 Non
445 2353 612 2386 habentem
636 2355 784 2395 speeiem.

902 204 957 235 24.

902 839 957 870 26.

902 1158 956 1189 27.

899 1477 954 1509 28.

894 1796 950 1829 29.

895 2125 950 2156 30.

984 202 1064 244 Ave,
1089 202 1171 241 Iesu,
1197 209 1270 232 reor
1294 210 1377 243 vere,

982 249 1030 280 Te
1052 249 1221 288 benignum
1244 249 1317 287 plus
1342 247 1452 279 dolere

1030 295 1146 328 Matris
1168 295 1202 325 in
1228 293 1389 326 doloribus

985 341 1084 379 Quam
1110 341 1150 372 de
1172 343 1228 372 tua
1251 344 1353 373 morte
1378 341 1467 381 dura,

984 387 1037 419 Illi
1060 390 1116 420 tua
1139 388 1243 419 haesit,
1267 397 1353 427 cura,

1029 434 1101 466 Non
1125 434 1189 465 tuis
1212 434 1407 466 vulneribus.

981 518 1061 558 Ave,
1085 518 1167 560 Iesu,
1193 517 1268 550 vide
1292 521 1428 550 stantem

982 565 1026 596 Et
1051 573 1195 596 cruorem
1220 564 1428 597 distillantem

1031 612 1108 644 Tuis
1132 620 1173 643 ex
1196 610 1380 643 vulneribus

982 659 1232 691 Praestolantem
1256 668 1327 690 cum
1351 668 1479 699 pavore,

982 705 1170 746 Rapientem
1196 714 1265 737 cum
1292 706 1402 738 dolore

1029 753 1137 792 Vultu,
1162 752 1243 792 sinu,
1269 753 1426 786 manibus.

983 837 1063 877 Ave,
1088 838 1171 877 Iesu,
1195 839 1288 878 stupe
1310 836 1449 880 flentem,

982 883 1082 924 Stupe
1104 887 1209 915 tecum
1232 885 1429 925 morientem,

1029 932 1127 971 Quam
1150 932 1326 970 pertransit
1349 932 1485 972 gladius,

982 977 1093 1010 Rubra
1115 981 1169 1009 tuo
1193 980 1259 1010 stat
1283 987 1404 1020 eruore,

982 1024 1072 1056 Nihil
1097 1033 1234 1064 unquam
1258 1026 1319 1057 hoo
1343 1026 1454 1058 dolore

1029 1072 1106 1103 Fuit
1131 1072 1317 1105 dolorosius.

982 1158 1062 1198 Ave,
1088 1156 1170 1195 Iesu,
1197 1158 1230 1187 et
1250 1157 1392 1198 intende,

982 1203 1078 1235 Tanti
1101 1203 1165 1235 vim
1191 1203 1310 1235 doloris
1334 1204 1441 1244 pende

1029 1250 1203 1282 Adurentis
1229 1251 1362 1290 viscera,

980 1297 1099 1328 Amens
1118 1297 1241 1336 clamat,
1257 1300 1369 1338 pectus
1387 1299 1504 1339 tundit,

980 1343 1197 1376 Lacrimarum
1222 1342 1325 1377 fontes
1351 1344 1460 1377 fundit

1026 1392 1096 1423 Tua
1116 1399 1248 1423 cernens
1274 1393 1416 1424 vulnera.

979 1476 1059 1517 Ave,
1083 1475 1157 1507 Iesu
1180 1484 1334 1518 amor-ose,

978 1523 1077 1554 Totus
1101 1522 1218 1554 rubens
1242 1524 1345 1556 instar
1368 1533 1462 1558 rosae

1024 1569 1189 1609 Largitate
1212 1571 1383 1614 sanguinis,

979 1616 1040 1655 Qui
1062 1615 1212 1656 profusus
1236 1620 1273 1649 ut
1295 1616 1423 1657 fluebat,

976 1662 1176 1695 Defluentem
1201 1665 1349 1704 rapiebat

1024 1711 1131 1743 Vestis
1155 1712 1266 1743 matris
1290 1713 1432 1753 virginis

976 1796 1055 1834 Ave,
1080 1796 1165 1832 Iesu,
1192 1804 1263 1829 mea
1286 1798 1363 1839 vita,

977 1841 1248 1875 Consummandus
1273 1845 1403 1877 tandem
1429 1847 1475 1880 ita

1023 1890 1125 1920 Tactu
1148 1891 1260 1922 mortis
1286 1892 1402 1935 rigido,

976 1936 1066 1967 Patri
1092 1939 1186 1975 caput
1210 1937 1382 1979 inclinasti,

974 1982 1162 2014 Inefinando
1188 1985 1360 2024 exspirasti

1024 2029 1101 2061 Gum
1126 2029 1265 2063 elamore
1288 2033 1407 2068 valido.

976 2123 1057 2162 Ave,
1083 2123 1167 2164 Iesu,
1192 2125 1254 2157 hoe
1276 2127 1309 2158 in
1334 2132 1452 2167 puncto

974 2168 1106 2201 Sacrum
1130 2171 1190 2202 tibi
1213 2172 1277 2205 iam
1301 2174 1451 2208 defuncto

1021 2216 1121 2248 Latus
1146 2216 1233 2250 ferro
1257 2219 1389 2263 foditur,

976 2264 1042 2302 Quo
1067 2267 1177 2304 aperto
1202 2267 1407 2314 rubicundus,

977 2310 1043 2349 Quo
1068 2311 1188 2343 salvari
1212 2315 1316 2347 credit
1335 2318 1484 2361 mundus,

1023 2357 1156 2398 Sanguis
1180 2359 1269 2401 large
1292 2361 1446 2398 funditur.
