1650 2612
212 208 267 242 47.

214 601 269 633 48.

719 131 762 135 —
813 112 976 147 162—

294 209 373 251 Ave,
400 217 479 249 quae
503 207 645 239 libidinis

339 264 400 288 non
426 255 552 287 sensisti
575 256 703 293 motum,

293 302 356 333 Per
380 311 471 342 quam
496 300 572 332 fecit
594 300 746 332 Dominus

341 351 478 381 salutare
502 350 619 387 notum,

297 395 364 437 Qui,
391 396 473 435 quod
500 396 568 425 erat
590 393 735 432 hominis,

339 442 525 473 assumendo
550 443 660 480 totum,

293 489 398 527 Aegro
423 497 457 520 se
482 488 706 526 contemperat,

338 537 374 566 ut
397 538 486 567 sanet
509 537 677 573 aegrotum.

295 600 375 640 Ave,
402 608 481 639 quae
501 598 644 637 ,iustitiae

338 648 437 678 solem
461 646 543 677 nube
568 646 657 685 tegis,

293 693 438 725 Thronus
462 692 547 724 facta
571 693 701 732 gratiae,

340 740 470 772 thronus
495 740 605 772 summi
631 739 724 778 regis,

295 787 415 825 Nostri,
441 795 566 826 quaeso,
592 787 704 827 vigiles

341 835 382 866 ad
406 834 535 865 tutelam
559 834 673 875 gregis,

294 880 339 913 Ut
363 883 393 912 in
420 880 510 912 nobis
535 880 639 919 vigeat

341 927 504 966 plenitudo
528 926 618 965 legis.

884 207 939 238 49.
964 205 1044 245 Ave,
1070 208 1180 247 mater,
1208 206 1295 237 cuius
1320 205 1369 235 est

1010 252 1112 290 pietas
1135 252 1298 290 immensa,

968 297 1062 330 Cuius
1087 307 1147 338 ope
1170 298 1328 338 languidis

1011 346 1095 376 salus
1121 348 1169 376 est
1190 345 1342 385 impensa,

966 391 1067 423 Moris
1092 394 1166 423 vota
1189 393 1315 430 suscipe

1011 437 1204 477 iubilumque
1229 446 1329 477 pensa

965 484 1009 516 Et
1033 493 1171 526 perenne
1196 485 1345 524 gaudium

1014 532 1103 563 nobis
1128 540 1342 571 recompensa.

886 598 939 630 50.
965 597 1044 638 Ave,
1070 599 1183 636 mater,
1208 595 1335 627 solitum

1013 644 1141 685 gignens
1166 646 1293 682 praeter
1316 651 1445 680 morem,

967 691 1053 729 Quae
1076 691 1232 731 gignendo
1259 690 1376 721 retines

1014 738 1144 778 virginis
1169 737 1332 777 pudorem,

968 785 1051 816 Iuris
1078 787 1109 815 et
1132 784 1242 816 iudicii

1016 831 1174 863 fervidum
1198 831 1333 870 rigorem

969 879 1031 910 Per
1054 878 1292 910 misericordiae

1018 929 1160 966 tempera
1189 925 1358 957 dulcorem.

616 992 764 1023 Tertia
787 990 1076 1030 Quadi—agana.

270 1073 275 1078 .
301 1048 382 1088 Ave,
406 1057 464 1087 per
485 1057 577 1086 quam
600 1056 774 1088 pauperum

347 1103 437 1126 voces
461 1094 621 1126 exaudivit

298 1142 413 1173 Passer
439 1141 609 1183 solitarius,

345 1189 397 1226 qui
422 1191 495 1227 post
517 1191 647 1219 mortem
672 1187 740 1226 ivit,

301 1235 359 1272 Qui
383 1243 441 1274 per
464 1243 581 1274 poenas
607 1235 728 1266 diluens

346 1282 479 1320 culpam,
506 1290 597 1320 quam
621 1281 763 1318 nescivit,

299 1329 408 1367 Iugum
434 1328 545 1359 mortis
569 1328 704 1359 moriens

346 1375 472 1412 penitus
499 1375 656 1406 contrivit.

265 1463 274 1471 .
299 1440 379 1481 Ave,
407 1443 518 1481 mater,
544 1440 635 1472 titulo

344 1486 571 1518 benedictionis

295 1534 458 1565 Illustrata
482 1534 611 1565 caelitus

344 1581 524 1620 gratiaeque
550 1580 650 1622 donis,

297 1626 364 1658 Nos
388 1628 514 1658 illustra
538 1628 654 1659 lumine

343 1674 562 1714 miserationis,

295 1720 418 1752 Statum
443 1724 568 1753 mutans
593 1722 727 1753 miserae

343 1768 602 1801 conversationis.

262 1858 271 1865 .
295 1834 375 1874 Ave,
400 1837 502 1865 mater
526 1835 656 1874 gratiae,

344 1885 443 1912 mater
467 1881 642 1921 benedicta,

296 1927 572 1959 Maledictionibus

342 1973 431 2005 Evae
455 1983 515 2005 non
542 1976 681 2015 astricta,

298 2020 410 2055 Moles,
436 2029 559 2060 quaeso,
587 2022 750 2052 eriminum

348 2066 438 2098 aufer
462 2070 492 2098 et
519 2067 642 2111 delicta,

300 2113 344 2145 Ut
369 2114 470 2145 severi
493 2114 607 2146 iudicis

350 2163 506 2200 temperes
531 2161 644 2194 edict-a.

298 2227 377 2269 Ave,
404 2229 504 2258 mater
528 2225 596 2267 filii,

344 2282 403 2313 per
427 2282 518 2313 quem
541 2273 726 2315 liberantur,

299 2321 358 2360 Qui
382 2321 440 2352 sub
466 2320 548 2352 mole
573 2321 735 2353 eriminum

345 2368 448 2409 pressi
474 2367 668 2412 tenebantur,

970 1047 1047 1086 Ipsi,
1073 1056 1132 1087 per
1157 1055 1248 1087 quem
1274 1045 1406 1078 foedera

1017 1094 1139 1134 gratiae
1164 1094 1328 1131 donantur,

968 1141 1025 1172 Pie
1049 1150 1105 1172 nos
1133 1138 1323 1172 confoedera

1018 1197 1086 1218 eum
1110 1187 1170 1226 his,
1194 1188 1248 1225 qui
1270 1187 1442 1218 salvantur.

917 1255 948 1285 5.
973 1253 1053 1294 Ave,
1080 1253 1167 1283 euius
1192 1250 1256 1284 filio

1014 1300 1067 1339 pie
1093 1298 1287 1341 eonfitemur,

969 1346 1058 1384 Quod
1082 1346 1221 1385 Aegypti
1245 1346 1384 1378 tenebris

1015 1402 1074 1433 per
1095 1393 1179 1424 hune
1203 1401 1392 1431 amovemur,

972 1440 1030 1478 Qui
1054 1449 1112 1479 pro
1137 1439 1227 1471 nobis
1252 1440 1389 1480 gladium

1015 1488 1107 1527 ponit
1130 1495 1225 1525 super
1248 1486 1361 1526 femur,

971 1534 1036 1572 Quo
1061 1534 1220 1565 accinctus
1244 1534 1388 1573 proeliet,

1015 1590 1056 1612 ne
1078 1590 1135 1612 nos
1161 1589 1384 1620 expugnemur.

916 1648 947 1679 6.
971 1647 1053 1686 Ave,
1078 1649 1180 1678 mater
1202 1645 1340 1686 Domini,

1017 1695 1070 1733 qui
1094 1697 1126 1724 te
1150 1695 1334 1737 praeelegit,

971 1741 1030 1779 Qui
1054 1744 1197 1773 catervas
1221 1741 1359 1773 hostium

1017 1789 1153 1820 moriens
1179 1787 1335 1829 confregit

970 1835 1012 1867 Et
1035 1835 1161 1868 inferna
1184 1835 1325 1875 visitans,

1017 1883 1136 1922 praedo
1162 1892 1239 1922 quos
1264 1884 1380 1925 abegit,

972 1929 1001 1960 A
1026 1930 1197 1969 praedonis
1221 1928 1367 1962 faucibus

1018 1978 1139 2016 praeda
1161 1975 1263 2009 factus
1289 1978 1362 2017 egit.

914 2043 944 2075 7.
970 2043 1051 2084 Ave,
1076 2045 1219 2074 nostrum
1244 2043 1403 2082 gaudium,

1017 2092 1127 2121 nostra
1149 2097 1223 2128 spes
1246 2092 1280 2120 et
1300 2089 1376 2129 vita,

972 2137 1067 2169 Cuius
1093 2144 1153 2175 ope
1177 2135 1262 2168 salus
1284 2139 1330 2167 est

1017 2182 1120 2222 aegris
1144 2182 1316 2222 impertita,

972 2229 1158 2262 Generalem
1182 2237 1335 2268 generans

1020 2280 1136 2308 sortem
1160 2284 1223 2306 non
1248 2275 1357 2319 oblita,

971 2323 1025 2355 Ad
1049 2326 1196 2355 aeternae
1219 2322 1369 2362 pabulum

1020 2371 1101 2405 vitae
1126 2378 1181 2401 nos
1204 2369 1312 2402 invita.
