1650 2612
228 209 280 240 20.

226 611 279 640 21.

228 1012 282 1042 22.

227 1413 280 1444 23.

228 1812 280 1843 24.

226 2214 280 2244 25.

740 112 971 146 —66—

308 209 388 247 Iesu,
416 208 468 247 qui
492 208 581 247 regni
605 208 651 238 tui

352 256 386 286 in
412 255 610 297 exaltatione,

307 303 344 334 In
369 301 622 333 adversariorum

353 357 427 380 vero
459 348 661 386 depressione

307 393 461 433 Laetaris,
487 394 533 424 sie
558 396 589 423 et
612 396 752 425 nostrum

354 448 459 480 regem
484 440 680 478 triumphare

308 488 344 519 In
369 487 450 517 iusto
476 494 599 524 semper
624 486 744 525 proelio

354 532 406 564 fac
431 535 462 563 et
486 533 653 565 exsultare.

306 608 387 646 Iesu,
416 607 455 638 de
479 607 626 646 passione

353 654 518 686 vicesimus
543 654 662 693 primus

306 701 448 733 Psalmus
474 703 531 740 est,
557 703 591 731 ut
616 701 741 741 saepius

354 748 504 787 seriptum
529 748 715 785 invenimus,

306 795 389 826 Dum
414 794 489 832 quid
513 794 588 825 mali
612 795 760 834 patimur,

353 841 493 872 liberans
519 841 644 880 exaudi,

307 887 351 918 Et
372 887 582 927 promptiores
608 888 722 919 erimus

355 934 487 972 Semper
509 936 583 964 tuae
605 934 703 967 laudi.

309 1009 391 1050 Iesu,
419 1008 469 1046 qui
496 1008 619 1047 quando
646 1008 751 1040 David

354 1056 394 1087 ad
420 1053 515 1086 Moab
541 1053 622 1094 fugit
646 1064 760 1097 regem,

307 1102 529 1133 Revertentem
553 1101 583 1131 in
611 1102 689 1133 Iuda

354 1147 457 1187 pascis
483 1150 515 1177 et
538 1147 602 1178 eius
627 1157 762 1188 gregem,

308 1195 341 1226 Si
367 1195 436 1234 quis
460 1192 620 1232 profectus
646 1196 748 1234 gratia

354 1242 387 1272 in
414 1240 584 1271 claustrum
609 1241 686 1272 velit
709 1242 766 1281 ire,

306 1288 355 1320 De
381 1295 512 1325 corpore
537 1289 568 1317 et
592 1288 694 1319 anima

352 1343 392 1365 ne
416 1334 500 1365 sinas
524 1334 607 1364 hunc
630 1335 745 1373 perire.

310 1410 392 1448 Iesu,
419 1408 471 1447 qui
497 1407 666 1439 dominium

351 1455 449 1486 habes
473 1455 629 1494 generale,

306 1502 399 1542 Nam⁷
425 1501 506 1540 quod
529 1501 586 1532 tibi
611 1502 771 1534 subditum

353 1557 414 1580 non
439 1548 491 1588 sit,
516 1548 561 1579 nil
587 1551 635 1579 est
659 1549 731 1589 tale,

310 1594 491 1632 Praeceptis
515 1595 578 1625 tuis
604 1595 727 1627 deditos

354 1641 406 1673 fac
429 1649 494 1683 nos,
523 1641 574 1680 qui
600 1645 780 1674 cunctorum

310 1688 440 1720 Creator
461 1695 493 1718 es
519 1696 558 1718 ex
581 1689 679 1720 nihilo

355 1739 386 1766 et
412 1734 554 1766 dominus
581 1743 695 1768 eorum.

310 1812 390 1850 Iesu,
419 1809 492 1841 dum
517 1813 644 1842 sanctus
668 1811 773 1844 David

353 1857 432 1896 petit
456 1856 596 1895 liberari,

307 1904 431 1936 Psalmo
457 1903 655 1943 alphabetico

355 1950 393 1982 ab
418 1949 487 1988 ipso
512 1950 560 1980 vis
586 1952 679 1993 orari,

309 1997 342 2029 Si
367 2005 428 2036 qua
452 1995 614 2028 tribulatio

358 2042 480 2081 adfligit
505 2043 668 2084 spiritalis,

308 2090 374 2122 Nos
400 2091 524 2121 orantes
549 2093 689 2130 protege,

355 2146 372 2168 o
397 2135 541 2175 Domine,
567 2136 624 2168 sub
650 2138 719 2170 alis.

310 2213 392 2251 Iesu,
418 2210 471 2250 qui
496 2210 570 2242 Saul
596 2215 718 2245 mortuo

354 2259 387 2289 in
410 2265 507 2297 regno
532 2260 714 2297 prosperari

311 2307 489 2346 Regemque
513 2303 591 2336 facis
614 2305 720 2338 David

356 2363 375 2385 a
398 2351 489 2384 malis
515 2354 724 2394 praeservari,

896 421 950 452 26.

897 823 950 855 27.

896 1224 951 1256 28.

897 1625 950 1656 29.

900 2028 954 2060 30.

978 206 1025 237 Ne
1050 215 1178 246 regnum
1203 205 1303 236 nostri
1330 203 1483 243 corporis,

1022 261 1198 294 precamur,
1224 252 1297 283 Iesu
1320 251 1384 292 pie,

978 299 1169 332 Subvertant
1192 299 1297 330 hostes
1323 297 1462 337 pessimi,

1024 347 1077 385 qui
1101 347 1257 384 temptant
1282 345 1366 375 omni
1393 344 1455 377 die.

976 420 1057 458 Iesu,
1085 420 1137 460 qui
1161 419 1243 450 hanc
1267 419 1400 458 gratiam

1024 469 1098 505 post
1122 465 1224 498 Saulis
1249 473 1370 505 necem,

977 514 1155 553 Antequam
1180 512 1325 543 inunctus
1351 515 1407 554 est,

1023 559 1129 591 David
1154 561 1285 599 propter
1309 567 1436 597 precem

977 606 1132 647 Dederas,
1159 606 1242 645 quod
1268 605 1385 644 populo

1024 655 1151 692 poterat
1174 660 1332 694 praeesse,

977 700 1046 731 Hoc
1070 699 1128 742 his,
1156 698 1209 738 qui
1234 698 1352 730 habent
1375 708 1491 740 regem,

1026 747 1133 788 dones,
1160 748 1208 777 est
1231 754 1369 777 necesse.

977 823 1059 858 lesu,
1087 821 1140 860 qui
1167 823 1198 851 et
1222 823 1385 851 ornantem

1022 867 1128 900 David
1155 867 1309 898 exaudisti

977 915 1020 947 Et
1042 915 1077 946 in
1101 912 1176 953 fuga
1199 914 1353 953 Absalon,

1026 961 1109 1001 quod
1133 961 1225 1000 petit,
1250 960 1448 1000 praestitisti,

978 1009 1036 1048 Qui
1061 1016 1211 1039 vexamur
1234 1007 1403 1047 plurimum

1024 1059 1066 1096 te,
1092 1054 1235 1092 Domine,
1260 1062 1417 1094 rogamus,

976 1102 1022 1134 Ut
1046 1102 1171 1142 liberes,
1199 1104 1274 1131 tunc
1298 1101 1417 1140 gratias

1024 1148 1100 1179 laeti
1124 1147 1182 1178 tibi
1209 1147 1330 1179 damus.
1473 1165 1485 1181 ,ι

975 1223 1056 1261 Iesu,
1083 1221 1279 1253 tabernaculi

1022 1270 1056 1300 in
1082 1269 1346 1300 consummatione

976 1316 1081 1348 David
1106 1315 1159 1346 hic
1182 1314 1335 1346 laetificas

1024 1365 1056 1394 et
1079 1361 1271 1401 repositione

976 1412 1080 1442 Areae
1104 1411 1145 1449 et,
1171 1409 1254 1448 quod
1279 1408 1339 1440 tibi
1363 1409 1406 1440 sit

1024 1457 1135 1488 devote
1161 1454 1365 1495 offerendum,

977 1502 1124 1535 Ostendis
1151 1502 1375 1542 exemplariter

1025 1552 1057 1581 et
1079 1552 1225 1589 prompte
1248 1550 1460 1583 serviendum.

978 1625 1059 1664 Iesu,
1084 1624 1138 1664 qui
1163 1624 1306 1655 dedicari

1024 1671 1177 1711 templum
1201 1671 1340 1711 voluisti,

979 1718 1083 1750 David
1110 1726 1180 1749 cum
1206 1718 1385 1750 Bethsabee

1026 1765 1171 1804 peccanti
1196 1765 1368 1806 indulsisti,

978 1813 1062 1844 Dum
1086 1819 1144 1851 per
1166 1812 1394 1850 paenitentiam

1029 1858 1173 1890 dimissas
1199 1867 1362 1897 speramus

981 1906 1107 1944 Calpas,
1138 1904 1188 1946 da,
1213 1908 1248 1936 ut
1273 1907 1392 1946 gratias

1025 1951 1084 1982 tibi
1109 1950 1292 1985 referamus.

981 2026 1062 2067 Iesu,
1088 2026 1151 2066 qui,
1176 2027 1249 2058 dum
1271 2028 1378 2062 David
1404 2034 1453 2062 est

1025 2073 1058 2103 in
1081 2075 1309 2115 persecutione,

982 2119 1092 2151 Salvas
1119 2127 1188 2150 eum
1213 2130 1389 2160 provocans

1029 2167 1075 2197 sic
1099 2175 1156 2204 pro
1182 2168 1306 2200 actione

983 2213 1172 2252 Gratiarum,
1200 2215 1290 2247 nobis
1319 2217 1368 2260 da,

1029 2263 1065 2291 ut
1086 2268 1147 2291 non
1173 2270 1350 2305 pereamus,

985 2307 1028 2339 Et
1053 2310 1127 2338 tunc
1152 2311 1256 2346 grates
1281 2311 1443 2344 reddimus

1032 2354 1225 2394 hymnosque
1249 2365 1419 2391 sacramus.
