<?xml version="1.0" encoding="UTF-8"?>
<!DOCTYPE html PUBLIC "-//W3C//DTD XHTML 1.0 Transitional//EN"
    "http://www.w3.org/TR/xhtml1/DTD/xhtml1-transitional.dtd">
<html xmlns="http://www.w3.org/1999/xhtml" xml:lang="en" lang="en">
 <head>
  <title>
</title>
<meta http-equiv="Content-Type" content="text/html;charset=utf-8" />
  <meta name='ocr-system' content='tesseract 3.04.00' />
  <meta name='ocr-capabilities' content='ocr_page ocr_carea ocr_par ocr_line ocrx_word'/>
</head>
<body>
  <div class='ocr_page' id='page_1' title='image "./analectahymnica35drevuoft_00094.png"; bbox 0 0 1650 2612; ppageno 0'>
   <div class='ocr_carea' id='block_1_1' title="bbox 528 575 1160 695">
    <p class='ocr_par' dir='ltr' id='par_1_1' title="bbox 528 575 1160 695">
     <span class='ocr_line' id='line_1_1' title="bbox 528 575 1160 609; baseline 0 -3"><span class='ocrx_word' id='word_1_1' title='bbox 528 575 590 606; x_wconf 88' lang='lat' dir='ltr'>VII.</span> <span class='ocrx_word' id='word_1_2' title='bbox 630 575 820 607; x_wconf 80' lang='lat' dir='ltr'>Psalterium</span> <span class='ocrx_word' id='word_1_3' title='bbox 841 576 873 606; x_wconf 92' lang='lat' dir='ltr'>D.</span> <span class='ocrx_word' id='word_1_4' title='bbox 896 576 928 607; x_wconf 87' lang='lat' dir='ltr'>N.</span> <span class='ocrx_word' id='word_1_5' title='bbox 946 577 1018 608; x_wconf 86' lang='lat' dir='ltr'>Iesu</span> <span class='ocrx_word' id='word_1_6' title='bbox 1038 576 1160 609; x_wconf 79' lang='lat' dir='ltr'>christi.</span> 
     </span>
     <span class='ocr_line' id='line_1_2' title="bbox 600 654 1086 695; baseline 0.004 -10"><span class='ocrx_word' id='word_1_7' title='bbox 600 654 737 687; x_wconf 83' lang='lat' dir='ltr'>Prima</span> <span class='ocrx_word' id='word_1_8' title='bbox 770 655 1086 695; x_wconf 78' lang='lat' dir='ltr'>Quinquagena.</span> 
     </span>
    </p>
   </div>
   <div class='ocr_carea' id='block_1_2' title="bbox 455 737 1264 920">
    <p class='ocr_par' dir='ltr' id='par_1_2' title="bbox 455 737 1264 920">
     <span class='ocr_line' id='line_1_3' title="bbox 455 737 1264 780; baseline 0.001 -10"><span class='ocrx_word' id='word_1_9' title='bbox 455 763 463 770; x_wconf 90' lang='lat'>.</span> <span class='ocrx_word' id='word_1_10' title='bbox 488 739 569 777; x_wconf 83' lang='lat' dir='ltr'>Ave,</span> <span class='ocrx_word' id='word_1_11' title='bbox 594 739 706 770; x_wconf 83' lang='lat' dir='ltr'>matris</span> <span class='ocrx_word' id='word_1_12' title='bbox 730 739 832 771; x_wconf 75' lang='lat' dir='ltr'>almae</span> <span class='ocrx_word' id='word_1_13' title='bbox 856 737 978 770; x_wconf 76' lang='lat' dir='ltr'>fructus</span> <span class='ocrx_word' id='word_1_14' title='bbox 1002 748 1127 780; x_wconf 80' lang='lat' dir='ltr'>semper</span> <span class='ocrx_word' id='word_1_15' title='bbox 1152 740 1264 780; x_wconf 82' lang='lat' dir='ltr'>dulcis,</span> 
     </span>
     <span class='ocr_line' id='line_1_4' title="bbox 490 785 1150 827; baseline -0.002 -9"><span class='ocrx_word' id='word_1_16' title='bbox 490 785 665 818; x_wconf 85' lang='lat' dir='ltr'>Concilium</span> <span class='ocrx_word' id='word_1_17' title='bbox 687 786 841 818; x_wconf 88' lang='lat' dir='ltr'>malorum</span> <span class='ocrx_word' id='word_1_18' title='bbox 866 786 931 817; x_wconf 89' lang='lat' dir='ltr'>suis</span> <span class='ocrx_word' id='word_1_19' title='bbox 957 795 1026 817; x_wconf 86' lang='lat' dir='ltr'>cum</span> <span class='ocrx_word' id='word_1_20' title='bbox 1050 786 1150 827; x_wconf 88' lang='lat' dir='ltr'>tricis,</span> 
     </span>
     <span class='ocr_line' id='line_1_5' title="bbox 490 831 1175 873; baseline 0 -8"><span class='ocrx_word' id='word_1_21' title='bbox 490 831 683 865; x_wconf 87' lang='lat' dir='ltr'>Cathedram</span> <span class='ocrx_word' id='word_1_22' title='bbox 708 833 908 872; x_wconf 81' lang='lat' dir='ltr'>pestilentiae</span> <span class='ocrx_word' id='word_1_23' title='bbox 933 842 1059 873; x_wconf 87' lang='lat' dir='ltr'>semper</span> <span class='ocrx_word' id='word_1_24' title='bbox 1082 832 1175 872; x_wconf 81' lang='lat' dir='ltr'>fugis,</span> 
     </span>
     <span class='ocr_line' id='line_1_6' title="bbox 489 879 1137 920; baseline 0.003 -10"><span class='ocrx_word' id='word_1_25' title='bbox 489 879 553 911; x_wconf 86' lang='lat' dir='ltr'>Sed</span> <span class='ocrx_word' id='word_1_26' title='bbox 576 879 610 910; x_wconf 92' lang='lat' dir='ltr'>in</span> <span class='ocrx_word' id='word_1_27' title='bbox 634 879 704 920; x_wconf 89' lang='lat' dir='ltr'>lege</span> <span class='ocrx_word' id='word_1_28' title='bbox 726 879 873 912; x_wconf 83' lang='lat' dir='ltr'>meditari</span> <span class='ocrx_word' id='word_1_29' title='bbox 899 880 1013 912; x_wconf 83' lang='lat' dir='ltr'>boumn</span> <span class='ocrx_word' id='word_1_30' title='bbox 1040 880 1137 913; x_wconf 82' lang='lat' dir='ltr'>ducis.</span> 
     </span>
    </p>
   </div>
   <div class='ocr_carea' id='block_1_3' title="bbox 431 944 929 985">
    <p class='ocr_par' dir='ltr' id='par_1_3' title="bbox 431 944 929 985">
     <span class='ocr_line' id='line_1_7' title="bbox 431 944 929 985; baseline -0.002 -8"><span class='ocrx_word' id='word_1_31' title='bbox 431 952 438 960; x_wconf 81' lang='lat'><em>·</em></span> <span class='ocrx_word' id='word_1_32' title='bbox 455 970 462 977; x_wconf 92' lang='lat'><em>.</em></span> <span class='ocrx_word' id='word_1_33' title='bbox 488 945 569 984; x_wconf 86' lang='lat' dir='ltr'>Ave,</span> <span class='ocrx_word' id='word_1_34' title='bbox 593 944 666 976; x_wconf 90' lang='lat' dir='ltr'>Iesu</span> <span class='ocrx_word' id='word_1_35' title='bbox 691 948 797 977; x_wconf 89' lang='lat' dir='ltr'>terens</span> <span class='ocrx_word' id='word_1_36' title='bbox 822 947 929 985; x_wconf 85' lang='lat' dir='ltr'>gentes</span> 
     </span>
    </p>
   </div>
   <div class='ocr_carea' id='block_1_4' title="bbox 487 991 953 1125">
    <p class='ocr_par' dir='ltr' id='par_1_4' title="bbox 487 991 953 1125">
     <span class='ocr_line' id='line_1_8' title="bbox 487 991 904 1030; baseline -0.002 -7"><span class='ocrx_word' id='word_1_37' title='bbox 487 991 531 1023; x_wconf 86' lang='lat' dir='ltr'>Et</span> <span class='ocrx_word' id='word_1_38' title='bbox 555 992 690 1030; x_wconf 88' lang='lat' dir='ltr'>populos</span> <span class='ocrx_word' id='word_1_39' title='bbox 714 992 904 1024; x_wconf 78' lang='lat' dir='ltr'>meditantes</span> 
     </span>
     <span class='ocr_line' id='line_1_9' title="bbox 489 1038 953 1079; baseline -0.002 -9"><span class='ocrx_word' id='word_1_40' title='bbox 489 1039 590 1077; x_wconf 82' lang='lat' dir='ltr'>Vana,</span> <span class='ocrx_word' id='word_1_41' title='bbox 616 1039 673 1070; x_wconf 90' lang='lat' dir='ltr'>sed</span> <span class='ocrx_word' id='word_1_42' title='bbox 699 1042 731 1070; x_wconf 91' lang='lat' dir='ltr'>et</span> <span class='ocrx_word' id='word_1_43' title='bbox 755 1047 845 1079; x_wconf 81' lang='lat' dir='ltr'>reges</span> <span class='ocrx_word' id='word_1_44' title='bbox 870 1038 953 1079; x_wconf 84' lang='lat' dir='ltr'>regis</span> 
     </span>
     <span class='ocr_line' id='line_1_10' title="bbox 487 1084 898 1125; baseline 0.002 -9"><span class='ocrx_word' id='word_1_45' title='bbox 487 1084 610 1117; x_wconf 88' lang='lat' dir='ltr'>Audire</span> <span class='ocrx_word' id='word_1_46' title='bbox 634 1086 785 1118; x_wconf 85' lang='lat' dir='ltr'>mandato</span> <span class='ocrx_word' id='word_1_47' title='bbox 807 1085 898 1125; x_wconf 84' lang='lat' dir='ltr'>legis,</span> 
     </span>
    </p>
   </div>
   <div class='ocr_carea' id='block_1_5' title="bbox 452 1149 1099 1334">
    <p class='ocr_par' dir='ltr' id='par_1_5' title="bbox 452 1149 1099 1334">
     <span class='ocr_line' id='line_1_11' title="bbox 452 1149 1063 1190; baseline -0.002 -6"><span class='ocrx_word' id='word_1_48' title='bbox 452 1176 460 1184; x_wconf 92' lang='lat'>.</span> <span class='ocrx_word' id='word_1_49' title='bbox 486 1151 604 1183; x_wconf 83' lang='lat' dir='ltr'>Hostes</span> <span class='ocrx_word' id='word_1_50' title='bbox 627 1153 752 1183; x_wconf 90' lang='lat' dir='ltr'>nostros</span> <span class='ocrx_word' id='word_1_51' title='bbox 777 1154 832 1182; x_wconf 84' lang='lat' dir='ltr'>tua</span> <span class='ocrx_word' id='word_1_52' title='bbox 856 1149 931 1190; x_wconf 84' lang='lat' dir='ltr'>fuga</span> <span class='ocrx_word' id='word_1_53' title='bbox 955 1159 1063 1190; x_wconf 86' lang='lat' dir='ltr'>prece,</span> 
     </span>
     <span class='ocr_line' id='line_1_12' title="bbox 487 1198 1010 1238; baseline -0.002 -8"><span class='ocrx_word' id='word_1_54' title='bbox 487 1198 537 1230; x_wconf 87' lang='lat' dir='ltr'>Ne</span> <span class='ocrx_word' id='word_1_55' title='bbox 561 1198 765 1237; x_wconf 88' lang='lat' dir='ltr'>multiplicati</span> <span class='ocrx_word' id='word_1_56' title='bbox 789 1206 846 1230; x_wconf 89' lang='lat' dir='ltr'>nos</span> <span class='ocrx_word' id='word_1_57' title='bbox 871 1198 905 1229; x_wconf 91' lang='lat' dir='ltr'>in</span> <span class='ocrx_word' id='word_1_58' title='bbox 929 1207 1010 1238; x_wconf 87' lang='lat' dir='ltr'>pace</span> 
     </span>
     <span class='ocr_line' id='line_1_13' title="bbox 485 1244 1098 1285; baseline -0.003 -7"><span class='ocrx_word' id='word_1_59' title='bbox 485 1244 627 1278; x_wconf 87' lang='lat' dir='ltr'>Felicem</span> <span class='ocrx_word' id='word_1_60' title='bbox 652 1248 747 1285; x_wconf 87' lang='lat' dir='ltr'>atque</span> <span class='ocrx_word' id='word_1_61' title='bbox 769 1245 976 1284; x_wconf 80' lang='lat' dir='ltr'>tranquillam</span> <span class='ocrx_word' id='word_1_62' title='bbox 1001 1245 1098 1277; x_wconf 87' lang='lat' dir='ltr'>vitam</span> 
     </span>
     <span class='ocr_line' id='line_1_14' title="bbox 486 1292 1099 1334; baseline 0.002 -11"><span class='ocrx_word' id='word_1_63' title='bbox 486 1292 559 1324; x_wconf 82' lang='lat' dir='ltr'>Non</span> <span class='ocrx_word' id='word_1_64' title='bbox 584 1292 691 1324; x_wconf 83' lang='lat' dir='ltr'>sinant</span> <span class='ocrx_word' id='word_1_65' title='bbox 714 1301 818 1334; x_wconf 85' lang='lat' dir='ltr'>agere,</span> <span class='ocrx_word' id='word_1_66' title='bbox 846 1292 903 1323; x_wconf 87' lang='lat' dir='ltr'>sed</span> <span class='ocrx_word' id='word_1_67' title='bbox 928 1292 1099 1324; x_wconf 77' lang='lat' dir='ltr'>turbatam.</span> 
     </span>
    </p>
   </div>
   <div class='ocr_carea' id='block_1_6' title="bbox 453 1366 1076 1541">
    <p class='ocr_par' dir='ltr' id='par_1_6' title="bbox 453 1366 1076 1541">
     <span class='ocr_line' id='line_1_15' title="bbox 453 1366 955 1410; baseline 0 -11"><span class='ocrx_word' id='word_1_68' title='bbox 453 1391 460 1399; x_wconf 97' lang='lat'>.</span> <span class='ocrx_word' id='word_1_69' title='bbox 487 1368 566 1410; x_wconf 79' lang='lat' dir='ltr'>Ave,</span> <span class='ocrx_word' id='word_1_70' title='bbox 595 1367 668 1399; x_wconf 87' lang='lat' dir='ltr'>Iesu</span> <span class='ocrx_word' id='word_1_71' title='bbox 692 1368 833 1400; x_wconf 86' lang='lat' dir='ltr'>iustitiae</span> <span class='ocrx_word' id='word_1_72' title='bbox 857 1366 955 1407; x_wconf 83' lang='lat' dir='ltr'>Deus,</span> 
     </span>
     <span class='ocr_line' id='line_1_16' title="bbox 486 1413 1076 1457; baseline 0.002 -11"><span class='ocrx_word' id='word_1_73' title='bbox 486 1413 624 1446; x_wconf 84' lang='lat' dir='ltr'>Adiutor</span> <span class='ocrx_word' id='word_1_74' title='bbox 648 1416 744 1455; x_wconf 87' lang='lat' dir='ltr'>atque</span> <span class='ocrx_word' id='word_1_75' title='bbox 768 1414 954 1454; x_wconf 86' lang='lat' dir='ltr'>redemptor</span> <span class='ocrx_word' id='word_1_76' title='bbox 977 1424 1076 1457; x_wconf 87' lang='lat' dir='ltr'>meus,</span> 
     </span>
     <span class='ocr_line' id='line_1_17' title="bbox 487 1460 962 1494; baseline 0 -1"><span class='ocrx_word' id='word_1_77' title='bbox 487 1462 525 1493; x_wconf 90' lang='lat' dir='ltr'>In</span> <span class='ocrx_word' id='word_1_78' title='bbox 545 1460 752 1494; x_wconf 85' lang='lat' dir='ltr'>tribulatione</span> <span class='ocrx_word' id='word_1_79' title='bbox 777 1471 832 1494; x_wconf 87' lang='lat' dir='ltr'>cor</span> <span class='ocrx_word' id='word_1_80' title='bbox 855 1470 962 1494; x_wconf 90' lang='lat' dir='ltr'>meum</span> 
     </span>
     <span class='ocr_line' id='line_1_18' title="bbox 486 1508 978 1541; baseline -0.002 0"><span class='ocrx_word' id='word_1_81' title='bbox 486 1509 535 1541; x_wconf 93' lang='lat' dir='ltr'>Tu</span> <span class='ocrx_word' id='word_1_82' title='bbox 560 1508 660 1540; x_wconf 84' lang='lat' dir='ltr'>dilata</span> <span class='ocrx_word' id='word_1_83' title='bbox 684 1508 790 1541; x_wconf 88' lang='lat' dir='ltr'>ferens</span> <span class='ocrx_word' id='word_1_84' title='bbox 815 1509 978 1541; x_wconf 81' lang='lat' dir='ltr'>auxilium.</span> 
     </span>
    </p>
   </div>
   <div class='ocr_carea' id='block_1_7' title="bbox 453 1583 964 1765">
    <p class='ocr_par' dir='ltr' id='par_1_7' title="bbox 453 1583 964 1765">
     <span class='ocr_line' id='line_1_19' title="bbox 453 1583 924 1625; baseline -0.002 -9"><span class='ocrx_word' id='word_1_85' title='bbox 453 1609 461 1616; x_wconf 94' lang='lat'>.</span> <span class='ocrx_word' id='word_1_86' title='bbox 486 1584 606 1616; x_wconf 83' lang='lat' dir='ltr'>Astans</span> <span class='ocrx_word' id='word_1_87' title='bbox 630 1583 690 1615; x_wconf 91' lang='lat' dir='ltr'>tibi</span> <span class='ocrx_word' id='word_1_88' title='bbox 713 1593 815 1625; x_wconf 80' lang='lat' dir='ltr'>mane,</span> <span class='ocrx_word' id='word_1_89' title='bbox 841 1584 924 1624; x_wconf 88' lang='lat' dir='ltr'>Iesu,</span> 
     </span>
     <span class='ocr_line' id='line_1_20' title="bbox 487 1630 909 1674; baseline -0.002 -11"><span class='ocrx_word' id='word_1_90' title='bbox 487 1631 534 1663; x_wconf 90' lang='lat' dir='ltr'>Te</span> <span class='ocrx_word' id='word_1_91' title='bbox 560 1630 714 1670; x_wconf 89' lang='lat' dir='ltr'>deprecor</span> <span class='ocrx_word' id='word_1_92' title='bbox 737 1634 805 1663; x_wconf 86' lang='lat' dir='ltr'>toto</span> <span class='ocrx_word' id='word_1_93' title='bbox 829 1631 909 1674; x_wconf 84' lang='lat' dir='ltr'>nisu,</span> 
     </span>
     <span class='ocr_line' id='line_1_21' title="bbox 489 1678 964 1710; baseline 0 0"><span class='ocrx_word' id='word_1_94' title='bbox 489 1678 604 1710; x_wconf 86' lang='lat' dir='ltr'>Preces</span> <span class='ocrx_word' id='word_1_95' title='bbox 628 1686 715 1710; x_wconf 88' lang='lat' dir='ltr'>meas</span> <span class='ocrx_word' id='word_1_96' title='bbox 739 1687 780 1710; x_wconf 89' lang='lat' dir='ltr'>ne</span> <span class='ocrx_word' id='word_1_97' title='bbox 806 1682 964 1710; x_wconf 83' lang='lat' dir='ltr'>contemas</span> 
     </span>
     <span class='ocr_line' id='line_1_22' title="bbox 483 1724 935 1765; baseline -0.002 -7"><span class='ocrx_word' id='word_1_98' title='bbox 483 1725 529 1758; x_wconf 91' lang='lat' dir='ltr'>Ut</span> <span class='ocrx_word' id='word_1_99' title='bbox 553 1724 685 1756; x_wconf 84' lang='lat' dir='ltr'>serviles</span> <span class='ocrx_word' id='word_1_100' title='bbox 710 1727 805 1765; x_wconf 86' lang='lat' dir='ltr'>atque</span> <span class='ocrx_word' id='word_1_101' title='bbox 828 1734 935 1757; x_wconf 89' lang='lat' dir='ltr'>vanas.</span> 
     </span>
    </p>
   </div>
   <div class='ocr_carea' id='block_1_8' title="bbox 451 1799 980 1983">
    <p class='ocr_par' dir='ltr' id='par_1_8' title="bbox 451 1799 980 1983">
     <span class='ocr_line' id='line_1_23' title="bbox 451 1799 892 1842; baseline -0.009 -7"><span class='ocrx_word' id='word_1_102' title='bbox 451 1827 459 1835; x_wconf 87' lang='lat'><strong>.</strong></span> <span class='ocrx_word' id='word_1_103' title='bbox 485 1801 566 1842; x_wconf 87' lang='lat' dir='ltr'>Ave,</span> <span class='ocrx_word' id='word_1_104' title='bbox 592 1800 675 1841; x_wconf 87' lang='lat' dir='ltr'>Iesu,</span> <span class='ocrx_word' id='word_1_105' title='bbox 702 1809 761 1833; x_wconf 86' lang='lat' dir='ltr'>ave</span> <span class='ocrx_word' id='word_1_106' title='bbox 784 1799 892 1841; x_wconf 68' lang='lat' dir='ltr'>iudex,</span> 
     </span>
     <span class='ocr_line' id='line_1_24' title="bbox 486 1847 980 1888; baseline -0.006 -6"><span class='ocrx_word' id='word_1_107' title='bbox 486 1850 693 1882; x_wconf 84' lang='lat' dir='ltr'>Peccatorum</span> <span class='ocrx_word' id='word_1_108' title='bbox 718 1856 759 1879; x_wconf 91' lang='lat' dir='ltr'>ne</span> <span class='ocrx_word' id='word_1_109' title='bbox 782 1848 826 1880; x_wconf 86' lang='lat' dir='ltr'>sis</span> <span class='ocrx_word' id='word_1_110' title='bbox 852 1847 980 1888; x_wconf 82' lang='lat' dir='ltr'>vindex,</span> 
     </span>
     <span class='ocr_line' id='line_1_25' title="bbox 486 1896 907 1929; baseline -0.007 0"><span class='ocrx_word' id='word_1_111' title='bbox 486 1896 550 1929; x_wconf 85' lang='lat' dir='ltr'>Sed</span> <span class='ocrx_word' id='word_1_112' title='bbox 575 1904 716 1927; x_wconf 91' lang='lat' dir='ltr'>meorum</span> <span class='ocrx_word' id='word_1_113' title='bbox 739 1896 907 1927; x_wconf 86' lang='lat' dir='ltr'>miseratus</span> 
     </span>
     <span class='ocr_line' id='line_1_26' title="bbox 486 1941 935 1983; baseline 0 -6"><span class='ocrx_word' id='word_1_114' title='bbox 486 1943 570 1977; x_wconf 84' lang='lat' dir='ltr'>Sana</span> <span class='ocrx_word' id='word_1_115' title='bbox 594 1951 655 1983; x_wconf 90' lang='lat' dir='ltr'>me,</span> <span class='ocrx_word' id='word_1_116' title='bbox 682 1942 756 1983; x_wconf 80' lang='lat' dir='ltr'>quia</span> <span class='ocrx_word' id='word_1_117' title='bbox 779 1941 935 1977; x_wconf 77' lang='lat' dir='ltr'>turbatus,</span> 
     </span>
    </p>
   </div>
   <div class='ocr_carea' id='block_1_9' title="bbox 449 2017 977 2204">
    <p class='ocr_par' dir='ltr' id='par_1_9' title="bbox 449 2017 977 2204">
     <span class='ocr_line' id='line_1_27' title="bbox 449 2017 922 2060; baseline -0.008 -5"><span class='ocrx_word' id='word_1_118' title='bbox 449 2046 458 2054; x_wconf 93' lang='lat'><strong>.</strong></span> <span class='ocrx_word' id='word_1_119' title='bbox 483 2022 564 2060; x_wconf 86' lang='lat' dir='ltr'>Ave,</span> <span class='ocrx_word' id='word_1_120' title='bbox 590 2019 664 2052; x_wconf 87' lang='lat' dir='ltr'>Iesu</span> <span class='ocrx_word' id='word_1_121' title='bbox 687 2019 789 2059; x_wconf 85' lang='lat' dir='ltr'>patris</span> <span class='ocrx_word' id='word_1_122' title='bbox 815 2017 922 2059; x_wconf 87' lang='lat' dir='ltr'>decus,</span> 
     </span>
     <span class='ocr_line' id='line_1_28' title="bbox 483 2065 977 2106; baseline -0.008 -5"><span class='ocrx_word' id='word_1_123' title='bbox 483 2068 533 2101; x_wconf 88' lang='lat' dir='ltr'>Tu</span> <span class='ocrx_word' id='word_1_124' title='bbox 555 2069 701 2099; x_wconf 88' lang='lat' dir='ltr'>nostrum</span> <span class='ocrx_word' id='word_1_125' title='bbox 724 2066 803 2099; x_wconf 90' lang='lat' dir='ltr'>tolle</span> <span class='ocrx_word' id='word_1_126' title='bbox 828 2065 977 2106; x_wconf 85' lang='lat' dir='ltr'>dedecus,</span> 
     </span>
     <span class='ocr_line' id='line_1_29' title="bbox 483 2115 956 2155; baseline -0.008 -7"><span class='ocrx_word' id='word_1_127' title='bbox 483 2115 552 2148; x_wconf 88' lang='lat' dir='ltr'>Tuo</span> <span class='ocrx_word' id='word_1_128' title='bbox 576 2123 712 2155; x_wconf 88' lang='lat' dir='ltr'>namque</span> <span class='ocrx_word' id='word_1_129' title='bbox 735 2123 793 2147; x_wconf 88' lang='lat' dir='ltr'>nos</span> <span class='ocrx_word' id='word_1_130' title='bbox 817 2122 956 2154; x_wconf 84' lang='lat' dir='ltr'>munere,</span> 
     </span>
     <span class='ocr_line' id='line_1_30' title="bbox 484 2161 874 2204; baseline -0.008 -7"><span class='ocrx_word' id='word_1_131' title='bbox 484 2163 638 2204; x_wconf 82' lang='lat' dir='ltr'>Optamus</span> <span class='ocrx_word' id='word_1_132' title='bbox 662 2161 744 2195; x_wconf 87' lang='lat' dir='ltr'>solvi</span> <span class='ocrx_word' id='word_1_133' title='bbox 767 2169 874 2194; x_wconf 88' lang='lat' dir='ltr'>onere.</span> 
     </span>
    </p>
   </div>
   <div class='ocr_carea' id='block_1_10' title="bbox 449 2237 969 2424">
    <p class='ocr_par' dir='ltr' id='par_1_10' title="bbox 449 2237 930 2374">
     <span class='ocr_line' id='line_1_31' title="bbox 449 2237 896 2281; baseline -0.011 -8"><span class='ocrx_word' id='word_1_134' title='bbox 449 2265 456 2272; x_wconf 96' lang='lat'>.</span> <span class='ocrx_word' id='word_1_135' title='bbox 482 2241 563 2279; x_wconf 82' lang='lat' dir='ltr'>Ave,</span> <span class='ocrx_word' id='word_1_136' title='bbox 589 2239 664 2271; x_wconf 85' lang='lat' dir='ltr'>Iesu</span> <span class='ocrx_word' id='word_1_137' title='bbox 687 2237 896 2281; x_wconf 77' lang='lat' dir='ltr'>omnipotens,</span> 
     </span>
     <span class='ocr_line' id='line_1_32' title="bbox 482 2285 930 2328; baseline -0.013 -6"><span class='ocrx_word' id='word_1_138' title='bbox 482 2288 598 2322; x_wconf 82' lang='lat' dir='ltr'>Omnes</span> <span class='ocrx_word' id='word_1_139' title='bbox 622 2285 742 2319; x_wconf 85' lang='lat' dir='ltr'>salvari</span> <span class='ocrx_word' id='word_1_140' title='bbox 765 2285 930 2328; x_wconf 84' lang='lat' dir='ltr'>adpetens,</span> 
     </span>
     <span class='ocr_line' id='line_1_33' title="bbox 481 2333 845 2374; baseline -0.014 -5"><span class='ocrx_word' id='word_1_141' title='bbox 481 2334 611 2369; x_wconf 87' lang='lat' dir='ltr'>Adonai</span> <span class='ocrx_word' id='word_1_142' title='bbox 634 2333 696 2366; x_wconf 92' lang='lat' dir='ltr'>tibi</span> <span class='ocrx_word' id='word_1_143' title='bbox 720 2341 845 2374; x_wconf 90' lang='lat' dir='ltr'>nomen,</span> 
     </span>
    </p>

    <p class='ocr_par' dir='ltr' id='par_1_11' title="bbox 483 2380 969 2424">
     <span class='ocr_line' id='line_1_34' title="bbox 483 2380 969 2424; baseline -0.004 -7"><span class='ocrx_word' id='word_1_144' title='bbox 483 2384 533 2417; x_wconf 90' lang='lat' dir='ltr'>Tu</span> <span class='ocrx_word' id='word_1_145' title='bbox 556 2390 734 2424; x_wconf 84' lang='lat' dir='ltr'>pauperum</span> <span class='ocrx_word' id='word_1_146' title='bbox 758 2389 792 2414; x_wconf 90' lang='lat' dir='ltr'>es</span> <span class='ocrx_word' id='word_1_147' title='bbox 816 2380 969 2416; x_wconf 86' lang='lat' dir='ltr'>solamen.</span> 
     </span>
    </p>
   </div>
  </div>
 </body>
</html>
