1650 2612
164 222 220 253 41.
246 221 318 253 Non
345 225 481 262 torrens,
506 232 568 254 non
594 223 725 264 rivulus,
843 225 899 258 46.
924 224 1015 262 Rogo
1039 224 1071 253 te
1096 231 1155 261 per
1178 222 1310 262 gloriam

292 278 354 300 non
380 266 483 300 fontes
509 278 639 309 aqarum
970 269 1210 302 resurrectionis

247 315 353 347 Oculis
378 314 550 355 sufficiant,
923 317 1020 357 Tuae,
1049 316 1090 347 da
1113 324 1280 356 resurgere

292 363 376 402 Iesu,
401 362 603 394 lacrimarum
971 373 991 395 a
1014 363 1118 403 malis,
1141 364 1175 394 in
1199 363 1290 395 bonis

246 409 298 441 Da
321 409 412 442 nobis
439 409 590 442 diluvium
923 411 1065 450 Florem,
1090 413 1127 441 ut
1149 410 1182 441 in
1209 410 1260 442 die

295 459 443 496 respectu
467 460 627 497 guttarum
972 457 1255 497 consummationis,

247 503 331 542 Quas
357 503 480 544 fudisti,
504 505 583 536 talia
923 504 978 536 Me
1002 503 1133 536 verbum
1157 513 1219 535 non
1244 502 1340 535 feriat

293 551 373 583 nihil
397 553 471 582 sunt
494 554 549 583 aut
571 560 693 591 parum.
972 550 1216 585 maledictionis,

164 627 221 659 42.
247 625 335 657 Tuae
358 626 469 658 mortis
494 634 648 658 memores
842 627 900 658 47.
927 625 1088 665 supplico,
1115 626 1189 657 dum
1210 629 1334 665 tempus
1360 630 1408 656 est

294 672 412 704 mundo
437 673 624 713 moriantur,
970 672 1207 711 emendationis,

246 720 364 751 Vivant
387 719 456 762 tibi,
483 719 628 757 Domine,
921 720 972 752 Da
997 717 1111 750 mereri
1136 720 1270 759 gratiam

293 766 346 806 qui
371 765 572 797 vivificantur
968 765 1209 806 benedictionis,

244 813 313 845 Tuo
338 821 429 847 sacro
456 821 597 853 corpore,
922 813 1021 851 Quam
1045 813 1108 843 tuis
1136 813 1266 844 daturus
1292 821 1336 850 es,

292 860 324 891 hi
349 860 578 892 benedicantur
968 860 1072 891 locum
1096 859 1267 891 mansionis

245 908 275 939 A
301 910 392 947 patre
418 909 450 938 et
473 907 589 946 spiritu
923 907 1083 945 Obtinere‚
1109 907 1238 946 gloriam

294 956 402 986 sancto
428 955 622 993 repleantur.
969 957 1042 986 tuae
1066 953 1203 986 visionis.

164 1031 221 1062 43.
245 1029 358 1061 Dulcis
382 1029 464 1071 lesu,
490 1038 567 1068 rogo
591 1031 634 1068 te,
841 1030 897 1062 48.
922 1029 974 1060 Da
997 1028 1076 1060 mihi
1100 1031 1134 1059 te
1158 1036 1288 1060 cernere

292 1080 380 1107 tuum
403 1079 638 1107 monumentum
970 1084 1073 1116 regem
1099 1075 1131 1106 in
1161 1076 1283 1107 decore.

244 1123 286 1154 Et
310 1131 419 1154 murra
444 1126 476 1153 et
500 1123 570 1153 aloe
922 1124 989 1155 Tuo
1016 1123 1057 1154 da
1082 1122 1236 1161 colloquio

291 1170 381 1209 quasi
406 1169 508 1201 librae
533 1171 668 1205 centum,
966 1169 1039 1207 frui,
1067 1177 1105 1200 ex
1131 1178 1237 1202 amore

241 1217 363 1260 Lintea,
391 1216 551 1248 sudarium
919 1216 1080 1256 Amplecti
1103 1220 1136 1247 te
1159 1216 1281 1256 intimo,

292 1264 356 1295 sint
379 1263 617 1295 incitamentum
967 1271 1091 1294 sumere
1115 1263 1154 1294 ab
1180 1272 1235 1295 ore

244 1311 371 1342 Doloris
397 1313 429 1341 et
453 1311 586 1350 gemitus
920 1311 1078 1350 Osculum,
1104 1314 1136 1342 te
1161 1309 1284 1349 perfrui

289 1362 463 1397 provocent
484 1358 666 1389 lamentum.
967 1357 1107 1397 paradisi
1131 1355 1217 1389 flore.

159 1433 215 1465 44.
241 1433 353 1464 Murra
376 1432 521 1464 membra
546 1432 674 1465 condiat
837 1433 892 1464 49.
917 1430 1015 1464 Pater
1038 1432 1116 1463 mihi
1139 1433 1259 1465 tribuat

292 1483 402 1512 contra
424 1480 571 1511 vitiorum
966 1479 1213 1512 immortalitatis

242 1529 385 1566 Vermes,
411 1527 495 1558 intus
521 1528 591 1559 aloe
921 1526 1049 1566 Locum,
1076 1529 1111 1557 tu
1135 1535 1185 1557 me
1209 1526 1305 1558 saties

288 1577 362 1615 agat
385 1575 590 1606 contritorum
966 1577 1039 1606 tuae
1065 1574 1207 1605 caritatis

243 1620 395 1660 Gemitus,
422 1624 458 1652 ut
480 1621 527 1653 ita
551 1622 611 1653 sim
919 1621 1072 1664 FerculiS,
1100 1621 1273 1660 paraclitus

290 1669 329 1700 de
354 1668 468 1708 beatis,
494 1677 626 1708 quorum
967 1677 1043 1700 suae
1068 1669 1248 1708 voluptatis

242 1717 378 1748 Peccata
403 1716 535 1747 remissa
560 1717 643 1755 sunt,
920 1716 1075 1747 Torrente
1099 1715 1244 1755 inebriet,

291 1764 331 1795 de
356 1766 447 1795 coetu
471 1763 636 1795 iustorum.
968 1771 1096 1804 regnem
1122 1771 1191 1793 cum
1215 1763 1328 1794 beatis.

157 1839 213 1872 45.
242 1839 305 1871 Cor
330 1847 434 1870 meum
459 1837 543 1878 quod
569 1837 692 1869 exstitit
841 1839 894 1870 50.
922 1839 975 1870 Ad
1000 1839 1102 1870 altare
1125 1847 1255 1869 aureum

286 1887 438 1926 spelunca
460 1886 589 1918 latentis

241 1934 377 1975 Inimici,
404 1932 456 1964 fac
479 1932 538 1964 tibi

288 1981 391 2013 locum
418 1980 618 2023 quiescentis,

239 2029 339 2062 Utere
365 2037 424 2068 pro
447 2028 582 2060 sindone

286 2076 434 2109 castitate
457 2076 583 2118 mentis,

239 2123 291 2155 Sit
313 2124 383 2156 loco
405 2123 528 2155 sudarii

285 2171 377 2204 labor
401 2171 605 2210 paenitentis.

969 1886 1030 1917 hoc
1056 1885 1232 1917 devotionis

926 1932 1067 1965 Granum
1092 1933 1126 1964 in
1149 1932 1332 1964 memoriam

969 1983 1044 2012 tuae
1067 1980 1225 2021 passionis

921 2028 1042 2067 Dulcis,
1071 2028 1151 2071 lesu,
1179 2027 1287 2067 offero,

968 2078 1001 2107 te
1025 2084 1180 2108 summum
1205 2076 1239 2107 in
1263 2075 1354 2107 boniS

920 2123 1061 2163 Requiro
1086 2132 1146 2162 pro
1172 2131 1303 2154 munere

969 2170 1200 2203 retributionis.

220 2245 300 2273 Orat.
328 2254 382 2274 ms.
403 2254 478 2273 saec.
501 2243 545 2273 14.
567 2245 637 2273 Ood.
656 2245 791 2272 Vatican.
815 2244 952 2272 Ottobon.
974 2243 1018 2272 14.
1040 2245 1076 2272 A.
1097 2260 1134 2264 —
1155 2243 1226 2273 Cod.
1248 2244 1452 2273 Carolsruhan.

143 2285 268 2320 Aug-len.
295 2282 342 2312 36.
370 2292 446 2312 saec.
475 2281 549 2312 ¹4l15.
570 2284 604 2311 Β,
630 2299 665 2302 -
695 2283 766 2311 Cod.
794 2283 889 2311 Palat.
915 2284 1118 2312 Vindobonen.
1144 2282 1194 2318 (01.
1222 2283 1369 2319 Campam)
1388 2281 1453 2311 883.

142 2330 218 2351 saec.
239 2320 314 2351 ¹4l15.
338 2323 370 2351 Ο.
389 2336 428 2341 -
448 2322 527 2350 Orat.
551 2330 604 2349 ms.
624 2321 744 2348 Arnesti
766 2321 800 2349 de
820 2321 968 2349 Pardubie
988 2330 1030 2349 ea.
1053 2319 1134 2349 1350.
1160 2322 1229 2350 Cod.
1244 2322 1319 2349 Mus.
1335 2322 1452 2349 Bohem.

143 2359 209 2389 217.
228 2361 266 2388 D.
288 2375 325 2379 —
346 2360 426 2388 Orat.
447 2369 499 2387 ms.
524 2359 553 2387 S.
569 2359 677 2387 Albani
690 2360 838 2387 'Previren-
861 2367 936 2387 saec.
960 2358 1003 2387 15.
1035 2359 1105 2387 eod.
1118 2361 1266 2388 Treviren.
1290 2358 1353 2387 199.
1366 2360 1402 2387 E.
1416 2375 1453 2379 —

145 2400 225 2428 Orat.
245 2408 299 2426 ms.
319 2407 395 2427 saec.
411 2397 456 2426 15.
470 2400 511 2425 in.
546 2397 615 2425 God.
629 2396 796 2433 Sangallen.
811 2395 876 2425 519.
890 2395 924 2425 F.
946 2413 980 2417 —
1004 2398 1073 2426 Ood.
1087 2398 1225 2425 Mellieen
1239 2395 1303 2425 716.
1318 2406 1392 2425 saec.
1409 2397 1453 2426 15.
