1650 2612
241 214 295 247 31.

237 851 290 882 33.

238 1169 292 1201 34.

237 1487 291 1520 35.

748 116 1002 150 —148-

321 214 401 254 Ave,
427 215 528 245 mater
551 212 666 254 lucida,

323 261 417 293 Cuius
442 260 531 292 alvus
556 258 675 290 tumida

368 308 463 340 Suum
488 305 621 337 fructum
646 304 787 346 protulit,

322 354 416 392 Quem
442 355 475 385 in
499 354 574 384 sede
597 351 727 391 propria

318 400 487 432 Facturum
511 399 628 431 iudicia

364 447 450 479 Deus
474 449 565 486 pater
590 444 725 478 sustulit.

289 556 297 563 .
324 532 403 571 Ave,
430 540 522 570 quam
546 538 597 561 ros
624 529 755 560 caelicus

322 577 478 609 Produxit
500 577 687 608 intrinsecus

367 624 455 656 Dans
480 625 628 655 virtutum
654 623 785 664 copiam,

319 671 416 709 Quam
442 670 517 702 fecit
541 670 725 709 simplicitas

320 717 364 749 Et
387 718 521 758 simplex
546 717 704 748 humilitas

368 765 471 796 Vestis
495 764 603 796 Aaron
626 762 791 795 fimbriam.

317 850 395 887 Ave,
419 849 494 880 luna
517 849 664 890 noctium,

317 897 386 928 Lux
411 898 587 927 sanctorum
614 896 765 934 cordium,

365 944 432 980 Qua
455 952 511 974 nos
537 951 643 974 caecos
667 942 787 983 visitas,

318 990 370 1022 Ad
396 998 487 1028 quam
513 997 624 1028 preces
650 987 818 1031 fundimus,

319 1037 373 1069 Ad
397 1045 487 1075 quam
512 1045 620 1068 manus
644 1036 791 1074 ‘tollimus⁷

366 1083 449 1115 Dum
473 1084 570 1114 instat
593 1083 778 1115 adversitas

317 1168 395 1208 Ave,
423 1168 510 1200 dives
535 1167 665 1207 meritis,

319 1214 438 1246 Parens
462 1214 544 1253 regis
571 1214 687 1254 divitis,

364 1260 423 1300 Qui
448 1262 502 1293 dat
525 1269 621 1300 regna
644 1261 779 1300 regibus,

318 1308 375 1346 Qui
398 1308 500 1339 salvat
524 1310 555 1338 et
577 1307 713 1348 perimit,

318 1354 375 1392 Qui
402 1353 523 1386 confert
546 1357 578 1385 et
601 1354 712 1385 adimit

363 1401 517 1432 Virtutem
542 1401 732 1440 potentibus.

317 1485 395 1527 Ave,
420 1494 478 1525 per
501 1494 590 1525 quam
617 1487 718 1517 ovium

316 1533 431 1564 Pastor
455 1532 643 1572 spiritalium

363 1579 416 1610 Fit
441 1580 473 1611 in
498 1583 622 1618 pastum
648 1580 789 1621 hominis,

316 1625 397 1657 Suae
422 1627 524 1658 carnis
550 1627 673 1665 epulum

315 1674 353 1705 In
377 1674 573 1711 praeclarum
597 1674 743 1714 poculum

364 1720 417 1752 Sui
442 1720 596 1760 praebens
620 1721 788 1760 sanguinis,

235 1806 287 1838 36.
311 1805 390 1847 Ave,
418 1807 503 1837 cuius
527 1814 655 1837 munt-,re

233 2134 288 2166 37.

313 1853 379 1884 Iam
400 1852 431 1884 in
458 1853 582 1885 laudem
606 1853 706 1884 libere

362 1899 480 1931 Nostra
503 1903 614 1931 sonant
640 1910 765 1942 organa,

314 1946 375 1977 Per
400 1955 489 1985 quam
515 1947 636 1978 hostem
660 1947 822 1990 vincimus,

315 1992 509 2032 Babylonem
534 1992 669 2033 fugimus

359 2039 473 2079 Erepti
499 2041 538 2071 de
563 2040 687 2072 Satana.

314 2133 392 2169 Ave,
420 2134 505 2165 cuius
534 2135 654 2166 cantica

312 2180 473 2212 Resonant
497 2190 565 2212 cum
589 2182 708 2213 musica

362 2226 573 2266 Supernorum
599 2229 764 2268 agminum,

320 2274 383 2306 Sed
408 2277 565 2306 auctorem
590 2276 725 2307 omnium

314 2321 440 2353 Laudas
466 2322 548 2353 sicut
571 2322 678 2364 filium,

360 2368 423 2402 llla
447 2370 529 2401 sicut
551 2369 728 2403 Dominum.

912 211 966 242 38.

910 529 963 560 39.

908 849 963 880 40.

908 1169 962 1199 41.

907 1488 962 1518 42.

906 1808 960 1840 43.

907 2139 960 2170 44.

993 209 1070 251 Ave,
1097 208 1185 240 sidus
1210 217 1349 247 aureum,

992 255 1086 288 Cuius
1111 255 1203 286 iubar
1226 254 1401 286 flammeum

1038 302 1102 333 Dat
1125 302 1229 334 lumen
1254 302 1415 340 ecclcsiae,

990 349 1036 381 Ut
1059 357 1168 381 caecos
1192 349 1350 381 illumines

990 395 1034 427 Et
1058 398 1180 427 noctem
1207 396 1357 437 elimines,

1038 443 1125 474 Tuae
1148 445 1222 473 sunt
1247 442 1388 474 deliciae.

989 528 1068 566 Ave,
1096 529 1206 559 sancta
1231 527 1368 570 castitas,

991 575 1048 607 Cui
1072 575 1211 606 servavit
1237 574 1337 606 deitas

1037 621 1171 653 Pudoris
1196 621 1400 662 signaculum,

991 669 1047 701 Cui
1076 669 1176 699 virtus
1201 669 1346 699 altissimi

991 716 1092 755 Super
1116 718 1211 754 caput
1235 716 1330 746 animi

1037 761 1168 794 conficit
1192 762 1418 795 umbraculum.

989 847 1069 889 Avc,
1097 847 1184 887 virga
1208 849 1321 890 terrea,

991 895 1084 926 Cuius
1108 895 1188 925 odor
1212 896 1301 925 turea

1036 941 1297 973 Transcendebat
1321 942 1433 984 omnia,

991 988 1065 1020 Cum
1091 986 1227 1028 flagrans
1254 989 1378 1021 devotio

988 1035 1032 1066 Et
1057 1034 1196 1074 fraglans
1221 1036 1321 1067 oratio

1037 1082 1191 1113 Petebant
1216 1083 1372 1116 caelestia.

986 1167 1066 1208 Ave,
1094 1167 1180 1198 cuius
1203 1167 1308 1206 portio

986 1214 1079 1245 Felix
1107 1214 1190 1245 omni
1215 1214 1328 1254 gaudio

1034 1261 1088 1292 Fit
1112 1261 1144 1291 in
1170 1261 1255 1292 caelo
1281 1260 1442 1303 Dominus,

988 1308 1040 1339 Ad
1066 1316 1155 1346 quem
1181 1307 1409 1350 suspiraveras,

987 1355 1025 1386 In
1051 1363 1110 1394 quo
1135 1363 1221 1393 spem
1250 1354 1414 1397 defixeras,

1037 1401 1155 1433 Videns
1179 1402 1266 1432 illum
1293 1403 1474 1435 comminus.

988 1487 1067 1528 Ave,
1088 1495 1179 1525 quam
1202 1487 1337 1528 edocuit,

989 1533 1084 1571 Quam
1110 1534 1241 1575 implere
1266 1535 1367 1566 voluit

1035 1580 1162 1612 Summa
1186 1581 1351 1622 sapientia,

989 1628 1096 1666 Quam,
1125 1637 1193 1659 cum
1219 1629 1311 1660 adest
1335 1629 1447 1668 exitus,

987 1674 1092 1706 Bonus
1118 1675 1207 1707 duxit
1230 1676 1362 1715 spiritus

1033 1722 1087 1753 Ad
1112 1723 1191 1754 caeli
1216 1721 1350 1763 fastigia.

987 1808 1066 1849 Ave,
1091 1816 1170 1847 quae
1196 1808 1316 1839 deliciis

987 1855 1169 1887 Praetulisti
1194 1856 1290 1895 regiis

1033 1901 1143 1943 Deum,
1171 1911 1230 1942 quo
1255 1903 1301 1934 nil
1325 1903 1458 1944 dulcius,

986 1949 1074 1980 Inter
1097 1958 1203 1981 omnes
1227 1948 1309 1980 filias

988 1996 1049 2027 Per
1072 1996 1204 2027 virtutes
1229 1997 1333 2028 varias

1035 2044 1153 2075 Ornata
1178 2043 1347 2076 venustius,

989 2138 1067 2180 Ave,
1093 2138 1181 2176 virgo
1206 2137 1320 2180 Maria,

990 2184 1084 2217 Cuius
1110 2193 1148 2215 ex
1168 2185 1320 2216 memoria

1032 2231 1119 2264 Mira
1142 2230 1178 2262 fit
1203 2232 1351 2271 suavitas,

985 2279 1074 2312 Haec
1097 2287 1159 2309 vox
1183 2279 1245 2309 mel
1272 2283 1319 2311 est
1343 2279 1496 2321 faucibus,

985 2326 1074 2357 Haec
1097 2334 1157 2357 vox
1183 2326 1281 2358 melos
1307 2329 1445 2369 auribus,

1031 2372 1120 2405 Haec
1144 2382 1204 2404 vox
1230 2374 1334 2407 cordis
1361 2376 1500 2409 claritas.
