1650 2612
183 221 239 252 47.

180 618 236 650 48.

689 131 851 166 —227
902 152 945 156 -

266 220 371 261 Salve,
401 231 494 255 verae
518 223 588 256 fons
613 225 724 257 salutis

315 271 348 300 et
373 269 492 302 doloris
516 272 678 311 terminus,

266 315 328 347 Per
354 325 446 356 quam
469 327 559 350 suum
584 320 723 351 salutare

310 366 418 395 notum
440 363 518 396 fecit
542 366 705 407 DominuS,

262 409 444 443 Recordata
470 413 612 445 veritatis

311 460 343 488 et
365 458 602 492 misericordiae

265 504 318 536 Ad
343 507 492 545 perennis
516 516 573 539 nos
597 508 698 539 invita

310 553 467 584 canticum
491 554 642 587 laetitiae.

263 617 367 660 Salve,
403 619 443 650 de
468 629 529 660 qua
555 623 697 652 sanctum
721 621 790 653 Deo

309 664 347 696 fit
371 666 545 698 scabeilum
570 668 722 709 corporis,

263 712 394 750 Quando
420 715 507 745 venit
530 715 724 754 repromissa

309 760 474 799 plenitudo
496 763 659 801 temporiS‚

262 806 315 838 Sic
339 806 511 839 scabellum
535 809 653 848 pedum
679 809 744 839 eius

307 855 474 886 adoremus
500 856 630 895 subditi,

264 900 309 933 Ut
332 901 365 932 in
391 902 486 933 caelis
510 903 655 935 uniamur

310 957 385 980 vero
411 949 553 981 membra
578 950 685 990 capiti.

863 229 919 260 49.
945 227 1047 270 Salve,
1078 236 1136 267 per
1161 236 1253 266 quam
1278 227 1378 258 omnis
1402 226 1470 258 Deo

991 275 1105 306 iubilat
1129 274 1271 314 ecclesia,

944 323 1007 354 Per
1023 330 1114 362 quam
1130 321 1229 353 omnis
1242 323 1328 352 terra
1341 320 1465 353 Christo

992 370 1090 400 servit
1112 368 1145 399 in
1170 368 1303 408 laetitia,

946 416 1007 446 Per
1031 420 1072 455 te,
1101 415 1198 454 virgo,
1225 417 1332 454 portas
1356 414 1422 445 eius

989 463 1142 494 intremus
1169 464 1200 492 et
1223 462 1306 493 atria

945 509 1120 541 Laudaturi
1143 517 1255 540 nomen
1282 509 1348 539 eius

989 557 1021 587 in
1047 556 1179 595 perenni
1204 556 1312 595 gloria.

863 623 917 654 50.
944 621 1047 662 Salve,
1074 621 1171 663 virgo,
1199 621 1283 653 vitae
1305 621 1367 660 via,

991 669 1043 700 via
1065 676 1174 700 carens
1199 668 1332 707 macula,

942 714 1007 747 Per
1032 724 1122 755 quam
1146 715 1234 747 venit
1255 715 1296 746 ad
1312 724 1369 746 nos
1386 715 1472 746 Deus

990 763 1210 801 redempturus
1239 762 1375 801 saecula,

943 810 1005 842 Per
1029 812 1061 841 te
1088 808 1205 840 Christi
1228 809 1283 840 lux
1308 809 1340 839 in
1365 809 1459 840 nobis

991 857 1134 895 donaque
1157 855 1333 895 perficiant,

945 903 989 936 Ut
1014 904 1047 934 in
1072 911 1128 935 suo
1151 903 1304 934 matutino

990 952 1123 989 peccata
1149 948 1306 983 deficiant.

572 1024 725 1056 Tertia
753 1025 1067 1065 Quinquagena.

226 1113 234 1121 .
262 1088 383 1129 Gaude,
415 1099 473 1130 per
497 1100 589 1130 quam
615 1090 763 1131 gaudium

306 1145 415 1168 verum
441 1137 616 1178 exhibetur,

258 1183 341 1215 Dum
367 1193 538 1224 exsurgens
563 1184 716 1217 Dominus

306 1230 381 1262 Sion
405 1231 582 1271 miseretur,

256 1278 319 1310 Per
343 1280 385 1318 te,
412 1279 510 1319 virgo,
537 1280 659 1319 gratiae

301 1327 427 1365 tempus
452 1326 655 1367 adimpletur,

255 1372 292 1403 In
318 1381 379 1412 quo
403 1373 505 1405 nostri
530 1373 654 1414 generis

301 1418 394 1451 fletus
419 1420 573 1453 aboletur.

258 1475 380 1518 Gaude,
407 1476 495 1508 cuius
519 1477 641 1508 meritis

303 1524 421 1555 mundo
448 1525 671 1563 complacatus,

254 1570 416 1611 Figmenti
440 1580 496 1602 seu
520 1571 660 1611 pulveris

303 1618 406 1649 nostri
430 1618 627 1661 recordatus,

258 1665 320 1697 Pro
344 1664 435 1697 nobis
461 1666 611 1705 apparuit

301 1712 389 1744 Deus
414 1712 612 1757 humanatus,

257 1759 346 1792 Sicut
370 1762 464 1799 pater
486 1759 569 1792 filios

301 1807 349 1839 sic
372 1817 430 1840 nos
456 1808 645 1840 consolatus,

220 1889 229 1898 .
255 1864 377 1905 Gaude,
403 1863 542 1896 fructum
567 1863 694 1904 pariens

300 1912 389 1953 virgo
415 1912 627 1952 benedictum,

254 1960 315 2000 Qui
339 1960 462 2000 primae
488 1960 663 1992 sententiae

297 2010 479 2047 temperans
505 2008 647 2039 edictum

254 2055 413 2089 Generale
435 2055 560 2096 generis

299 2104 396 2136 solvit
419 2103 635 2143 maledictum,

252 2152 330 2185 Cum
355 2160 415 2191 pro
441 2150 532 2183 nobis
557 2149 662 2182 induit

299 2199 444 2239 corporis
469 2198 628 2232 amictum.

254 2256 377 2297 Gaude,
407 2255 496 2288 cuius
521 2254 580 2287 filii

306 2313 423 2336 nomen
447 2304 629 2336 invocatum

258 2352 349 2385 Pium
375 2351 600 2385 invocantibus

305 2400 445 2440 spondet
469 2399 660 2432 advocatum

940 1091 986 1124 Ut
1009 1100 1066 1122 nos
1089 1089 1159 1128 ipse
1182 1092 1309 1121 revocet

986 1138 1027 1169 ad
1053 1136 1179 1169 felicem
1202 1139 1330 1176 statum,

939 1185 997 1224 Qui
1022 1183 1150 1216 reduxit
1172 1183 1330 1215 hominem

983 1232 1066 1263 iuste
1090 1230 1273 1271 relegatum.

880 1289 910 1322 5.
939 1287 1059 1330 Gaude,
1084 1295 1144 1326 per
1168 1296 1261 1326 quam
1286 1287 1396 1319 visitat

982 1344 1039 1367 nos
1063 1334 1097 1366 in
1121 1334 1264 1374 salutari,

941 1382 1054 1415 Volens
1078 1390 1136 1413 nos
1159 1381 1193 1412 in
1217 1380 1283 1414 filio

982 1429 1136 1461 Dominus
1161 1428 1290 1468 salvati,

937 1477 1134 1509 salvatorem
1159 1476 1296 1508 omnium

986 1525 1079 1565 digne
1105 1523 1146 1555 da
1168 1523 1304 1563 laudari,

937 1572 1034 1611 Quem
1061 1572 1100 1603 de
1123 1573 1179 1601 tua
1206 1571 1362 1603 credimus

985 1628 1080 1651 carne
1103 1617 1259 1659 generari.

881 1676 912 1708 6.
939 1675 1059 1716 Gaude,
1087 1674 1173 1705 cuius
1199 1673 1282 1705 filius

985 1727 1092 1763 gentes
1117 1730 1194 1753 suae
1217 1721 1312 1753 sortis

939 1769 1093 1802 Sedentes
1117 1769 1151 1800 in
1174 1768 1315 1800 tenebiis

986 1819 1018 1848 et
1038 1818 1072 1848 in
1094 1815 1207 1847 umbra
1230 1816 1342 1847 mortis

940 1864 1025 1896 Sexis
1051 1863 1162 1895 fractis
1187 1861 1310 1905 ferreis,

985 1911 1126 1944 vectibus
1152 1912 1184 1941 et
1207 1911 1309 1950 portis

935 1959 1057 1991 Eduxit
1079 1958 1114 1990 in
1139 1958 1286 1998 gaudium

983 2007 1122 2039 caelicae
1146 2005 1298 2038 cohortis.

880 2065 910 2097 7.
938 2063 1058 2107 Gaude,
1086 2065 1188 2094 mater
1210 2062 1322 2095 inclita

985 2110 1105 2144 Christi
1128 2111 1332 2151 resurgentis,

938 2159 1021 2191 Vera
1044 2166 1102 2191 nos
1128 2158 1267 2190 diluculo

983 2207 1054 2238 luce
1078 2206 1303 2249 respergentis,

945 2254 1008 2286 Hic
1031 2254 1096 2286 suis
1119 2253 1279 2285 irradians

992 2301 1142 2334 mundum
1168 2301 1373 2333 sacramentis

944 2350 1016 2382 Lux
1041 2352 1073 2382 et
1096 2349 1256 2389 reparatio

992 2397 1050 2430 fiat
1073 2398 1200 2430 nostrae
1224 2396 1349 2431 mentis..

1241 2450 1299 2480 15*
