1650 2612
721 99 977 133 -196—

218 200 272 233 37.
299 199 377 238 Ave,
404 199 491 229 euius
514 195 668 228 confessio
882 193 938 226 44.
967 194 1044 231 Ave,
1070 191 1156 222 cuius
1181 188 1339 225 memoria,

296 245 342 279 Et.
364 244 519 285 psallendi
546 242 669 275 devotio
966 237 1135 270 Suavitatis
1160 236 1261 275 gratia

295 292 362 324 Deo
387 295 477 331 grata
502 293 533 321 et
556 288 698 321 omnibus
964 286 1065 317 Plena
1088 283 1246 315 redundat
1266 281 1382 321 iugiter

296 338 458 378 Angeiieis
481 337 656 378 spiritibus.
966 332 1006 364 Et
1032 330 1172 362 exsultat
1195 327 1342 361 feliciter.

216 424 270 456 88.
296 423 374 463 Ave,
403 422 442 453 de
466 429 527 461 qua
551 421 605 451 lux
629 418 753 459 effulsit,
885 419 938 450 45.
965 416 1043 454 Ave,
1070 423 1150 454 quae
1173 413 1284 444 laudas
1306 412 1473 444 Dominum

296 470 382 508 Quae
405 470 548 507 pastores
573 465 789 503 circumfulsit,
972 462 1157 503 fingelorum
1181 463 1213 491 et
1235 460 1405 497 hominum,

297 516 390 548 Cuius
416 524 478 545 nox
501 514 533 545 in
560 512 681 545 deliciis
967 510 1024 549 Qui
1050 511 1169 540 stantes
1194 511 1318 540 sanctos
1346 506 1463 547 dirigit,

296 561 389 593 Lucis
413 560 530 592 referta
554 559 686 600 gaudiis.
964 557 1069 588 Elisos
1094 564 1217 587 rursum
1244 554 1344 594 erigit.

220 647 273 679 39.
300 646 379 685 Ave,
405 654 500 684 super
523 647 616 684 caput
642 645 729 674 cuius
884 643 939 675 46.
968 644 1046 682 Ave,
1072 643 1182 681 mater,
1210 640 1303 671 stella
1327 639 1433 677 maris,

298 692 503 725 Obumbravit
526 692 625 722 virtus
650 690 751 729 huius,
966 689 1051 728 Quae
1074 687 1179 719 Maria
1202 686 1384 728 nominalis,

298 740 354 778 Qui
381 739 421 769 de
444 738 559 769 mundo
584 747 640 769 nos
665 736 798 768 salvavit
966 735 1061 767 Cuius
1085 734 1150 766 luci
1175 737 1349 765 ceterarum

299 785 343 817 Et
365 785 533 825 malignum
557 784 771 823 triumphavit.
968 781 1065 813 Nulla
1088 790 1147 820 par
1172 784 1221 811 est
1239 781 1293 812 lux
1311 780 1485 812 stellarum.

217 868 272 902 40.
298 871 376 910 Ave,
404 869 489 900 cuius
515 869 615 899 oratio
888 867 942 899 47.
967 867 1051 904 Ave,
1076 868 1172 907 terra,
1197 874 1277 904 quae
1301 862 1491 895 frumentum

297 916 509 955 Manuumque
533 916 649 947 levatio
970 912 1160 954 Produxisti‚
1186 912 1410 943 nutrimentum

297 964 381 994 Ante
405 962 505 993 Deum
533 962 678 1002 dirigitur
966 960 1160 998 Animarum,
1186 968 1263 998 quas
1287 958 1444 998 pinguedo

298 1009 344 1041 Ut
367 1010 536 1051 incensum,
566 1018 634 1040 cum
661 1009 770 1040 uritur.
968 1007 1069 1038 Huius
1093 1007 1196 1045 replet
1221 1010 1252 1036 et
1276 1005 1420 1037 dulcedo,

221 1093 275 1126 41.
301 1094 380 1133 Ave,
409 1093 495 1124 cuius
520 1093 659 1131 precatio
886 1092 941 1124 48.
966 1091 1045 1130 Ave,
1071 1094 1172 1121 mater
1196 1090 1405 1128 redemptoris

298 1140 370 1171 Hoc
393 1138 525 1180 flagitat,
552 1142 586 1169 ut
609 1139 712 1178 portio
968 1137 1010 1169 Et
1036 1137 1156 1168 aeterni
1181 1136 1339 1177 creatoris,

299 1187 351 1218 Ad
379 1186 478 1217 Deum
503 1186 725 1224 suspirantium
969 1184 1063 1223 Quam
1087 1186 1182 1222 terra,
1209 1186 1332 1224 pontus,
1359 1184 1489 1214 aethera

300 1233 348 1264 Sit
371 1233 404 1264 in
430 1237 515 1264 terra
541 1232 720 1264 viventium.
968 1230 1115 1269 Caelique
1139 1230 1271 1262 laudant
1294 1230 1409 1262 sidera.

227 1318 280 1349 42.
304 1318 382 1355 Ave,
409 1325 499 1355 quam
525 1318 651 1347 sanetus
673 1316 802 1354 spiritus
890 1318 945 1349 49.
972 1317 1051 1353 Ave,
1078 1318 1187 1350 mater,
1213 1323 1270 1345 ave
1294 1312 1351 1351 fili,

305 1363 449 1402 Replevit
474 1362 586 1394 missus
613 1363 742 1393 caelitus
970 1364 1029 1402 Qui
1052 1361 1196 1401 gaudetis
1219 1361 1252 1392 in
1279 1360 1372 1392 cubili

303 1411 396 1442 Cuius
422 1413 451 1440 et
476 1413 616 1442 sanctam
640 1411 775 1441 animam
971 1410 1116 1441 Summae
1139 1407 1227 1447 pacis
1250 1408 1282 1439 in
1306 1408 1405 1446 gloria

305 1458 354 1489 Ad
382 1459 498 1487 terram
526 1457 613 1487 duxit
638 1456 795 1496 optimam.
972 1456 1216 1495 Sanctorumque
1240 1454 1427 1494 frequentia.

222 1541 276 1574 43.
301 1541 379 1583 Ave,
407 1549 485 1579 quae
508 1549 620 1572 novum
647 1541 801 1571 canticum
893 1541 947 1573 50.
972 1541 1052 1578 Ave,
1078 1539 1134 1579 fili,
1160 1540 1246 1571 salve
1267 1541 1377 1581 mater,

305 1588 410 1627 Atque
433 1588 530 1620 melos
556 1587 728 1628 angelicum
974 1587 1077 1628 Salve,
1104 1595 1222 1618 summe
1246 1587 1331 1618 Deus
1357 1590 1456 1628 pater,

306 1634 420 1666 Cantas
444 1635 476 1665 in
501 1634 573 1666 aula
597 1634 684 1674 regia
972 1635 1068 1673 Quem
1093 1637 1272 1665 sanctorum
1299 1635 1454 1666 exercitus

303 1682 402 1713 Freta
425 1684 601 1713 sanctorum
628 1681 736 1721 gloria.
975 1681 1142 1720 Omnisque
1165 1681 1276 1713 laudat
1300 1681 1443 1721 spiritus,

283 1791 353 1819 Cod.
373 1791 510 1820 Graeeen.
532 1790 612 1819 1550.
634 1800 696 1820 saec
730 1790 773 1819 12.
787 1792 822 1818 A.
842 1806 879 1810 ——
899 1789 968 1820 cod.
983 1792 1148 1828 Sangauen.
1168 1790 1233 1820 469.
1252 1801 1328 1821 saec.
1350 1791 1394 1821 13.
1410 1794 1442 1821 B.
1462 1808 1497 1813 —

209 1829 278 1857 Cod.
299 1830 459 1856 Londinen.
499 1829 582 1857 Titus
604 1831 628 1857 A
648 1829 726 1856 XXI.
754 1838 828 1857 saec..
851 1827 893 1857 13.
914 1828 944 1856 C.
965 1844 999 1848 —
1020 1831 1110 1858 Psalt.
1135 1840 1188 1858 ms.
1210 1831 1402 1859 cisterciense
1421 1839 1496 1859 saec.

210 1865 254 1894 13.
282 1866 349 1894 Cod.
369 1867 557 1894 Barcinonen.
586 1866 600 1894 1
623 1869 648 1894 V
673 1865 699 1894 8.
720 1868 755 1895 D.
780 1882 817 1885 —
843 1868 933 1895 Psalt.
958 1870 987 1895 et
1007 1867 1086 1896 Offic.
1109 1868 1197 1896 BMV.
1227 1877 1300 1896 saec.
1329 1866 1401 1896 ¹³l14.
1424 1869 1494 1897 Cod.

207 1905 350 1932 Mutinen.
377 1905 435 1932 XII
462 1905 485 1931 F
512 1902 553 1932 10.
578 1905 613 1932 Ε.
639 1919 676 1923 -—
705 1904 772 1932 cod.
794 1905 958 1933 Bruxellen.
985 1904 1115 1933 9961—2
1140 1914 1214 1933 saec.
1244 1905 1287 1934 14.
1307 1906 1339 1934 F.
1368 1921 1392 1925 —-
1426 1907 1496 1934 Cod.

208 1941 376 1970 Laudunen.
398 1939 460 1969 263.
482 1950 548 1969 saec
579 1941 612 1968 12
645 1943 708 1969 add.
729 1951 803 1970 saec.
825 1941 868 1970 14.
890 1943 923 1971 G.
941 1958 980 1962 —
1000 1943 1079 1971 Orat.
1100 1953 1151 1971 ms.
1184 1944 1306 1972 Maioris
1325 1944 1498 1973 carthusiae

209 1987 281 2007 saec.
310 1977 380 2006 ¹⁴l15.
410 1978 476 2006 Cod.
501 1980 760 2015 Gratianopolitan.
788 1978 849 2007 181.
869 1981 908 2008 Η.
936 1995 974 1999 —
994 1981 1072 2009 Orat.
1098 1988 1150 2009 ms.
1170 1989 1245 2009 saec.
1268 1981 1311 2009 15.
1333 1981 1401 2009 Cod.
1421 1984 1499 2010 Lon-

208 2017 302 2044 dinen.
323 2016 406 2043 Harl.
427 2015 489 2043 917.
510 2017 533 2044 1.
553 2032 590 2036 ——
611 2017 678 2044 (jod.
701 2018 903 2045 Carnisruhan.
922 2018 1044 2054 Augien.
1065 2017 1109 2046 36.
1130 2027 1204 2046 saec.
1220 2017 1292 2046 “li-5.
1307 2020 1342 2047 K.
1364 2035 1401 2040 —
1428 2021 1497 2049 Cod.

208 2055 344 2082 Vatican.
362 2051 446 2081 4578.
467 2062 541 2081 saec.
562 2052 606 2081 15.
627 2056 662 2082 L.
690 2070 712 2073 ψ
727 2056 806 2083 Orat.
826 2065 879 2083 ms.
909 2055 960 2083 ΒΞ.
976 2056 1105 2084 Udalriei
1125 2060 1155 2084 et.
1168 2056 1256 2084 Afrae
1269 2065 1344 2085 saec.
1361 2056 1405 2085 15.
1428 2059 1499 2087 Ceu.

208 2093 368 2126 Augustan.
398 2099 421 2117 ε.
446 2100 473 2118 n.
500 2092 540 2119 M.
568 2106 605 2110 —
634 2092 701 2120 Cod-
727 2092 875 2121 Paulanus
901 2094 1000 2122 Sanbl.
1027 2095 1131 2121 memb.
1155 2093 1200 2121 25.
1228 2103 1303 2122 saee.
1331 2093 1374 2122 15.
1399 2097 1435 2124 N.
1462 2113 1499 2117 —

210 2130 281 2157 Orat
300 2137 352 2155 ms.
373 2129 548 2164 Tegurinum
569 2131 636 2157 anni
659 2127 738 2156 1467.
762 2130 832 2159 Cim.
853 2132 1003 2159 Monacen.
1020 2130 1053 2159 19
1062 2130 1126 2158 991.
1147 2133 1180 2160 O.
1196 2146 1229 2150 -—
1245 2133 1324 2160 Orat.
1338 2142 1391 2160 ms.
1405 2135 1499 2170 Tegu-

209 2169 306 2195 rinum
326 2174 400 2194 saee-
424 2164 465 2193 15.
489 2167 559 2194 Ulm.
579 2167 728 2194 Monacen.
752 2165 851 2195 19636.
889 2169 922 2196 P.
944 2184 977 2187 —
998 2170 1130 2196 Passion.
1151 2177 1203 2196 ms.
1218 2169 1338 2197 Lirense
1357 2179 1432 2199 saec.
1456 2171 1499 2199 12.

210 2204 279 2233 Cod.
302 2204 455 2231 Ebroicen.
478 2203 523 2232 96.
544 2204 577 2237 Q.

287 2239 310 2270 l.
331 2240 356 2273 2,
371 2241 385 2269 1
407 2241 475 2268 Vita
492 2243 524 2269 B.
539 2256 573 2259 —
588 2240 614 2275 3,
628 2241 646 2268 2
659 2242 765 2270 Noster
777 2244 857 2279 prius
867 2244 924 2271 fuit
931 2244 968 2271 K.
978 2242 1188 2278 —4,3vu1tus
1198 2246 1241 2272 tui
1253 2245 1287 2278 Q.
1299 2260 1335 2265 -
1346 2244 1372 2279 5,
1385 2246 1499 2276 4Modo

212 2281 290 2317 eapti
303 2280 338 2307 N.
352 2293 389 2298 —
406 2277 431 2312 6,
446 2277 464 2305 2
485 2280 530 2306 Tu
543 2280 672 2307 solamen
686 2281 722 2307 K.
738 2295 771 2299 —
787 2278 812 2314 6,
827 2278 845 2308 3
864 2282 950 2309 valde
963 2284 1040 2309 tristi
1056 2282 1092 2309 K.
1105 2296 1142 2300 —
1156 2281 1182 2315 7,
1196 2279 1214 2308 2
1234 2291 1323 2311 senex
1343 2285 1374 2311 B.
1387 2300 1426 2304 —
1441 2284 1467 2318 ¹7,
1482 2284 1500 2314 3

210 2319 302 2353 Quem
320 2317 434 2345 invenit.
451 2318 487 2345 K.
534 2331 540 2335 -
562 2315 619 2349 8‚3
638 2317 743 2345 deum-a
761 2319 793 2351 Β,
814 2319 899 2347 decor
920 2322 950 2346 et.
962 2320 998 2346 K.
1019 2334 1052 2339 --
1075 2318 1101 2352 9,
1116 2317 1134 2346 3
1153 2321 1186 2347 in
1205 2324 1290 2355 portu.
1303 2322 1344 2356 Q&
1365 2324 1398 2350 in
1416 2327 1503 2359 porta

212 2358 248 2386 K.
269 2371 297 2376 —
328 2352 400 2389 11,2
421 2354 495 2382 Sunt
518 2359 668 2391 argentum
686 2355 722 2383 N.
742 2371 773 2376 —
797 2357 855 2384 Mit
876 2356 948 2391 11,4
966 2358 1062 2386 bricht
1081 2357 1106 2390 Q
1126 2358 1171 2385 ab.
1194 2373 1230 2377 —
1253 2357 1324 2393 12,1
1345 2361 1501 2389 salvatoris
