1650 2612
219 207 272 238 19.

219 610 275 642 20.

218 1014 272 1046 21.

217 1419 270 1452 22.

216 1825 271 1857 23.

215 2232 270 2263 24.

741 112 971 148 „¹75—

298 206 381 246 Iesu,
407 207 460 246 qui
482 207 515 238 in
542 208 656 239 cantici

349 253 441 284 huius
466 254 567 293 gradu
592 254 704 295 primo,

303 300 395 338 Quod
420 300 462 331 ad
487 303 519 331 te
542 301 770 332 recurrendum
787 301 829 332 sit

350 346 398 377 vis
424 355 463 377 ex
488 348 593 379 cordis
618 348 691 387 imo,

301 392 347 425 Ut
372 396 474 425 cesset
497 394 671 434 tiibulatio,

347 443 456 472 noster
479 441 635 473 incolatus

300 487 459 518 Transeat
481 488 513 518 in
539 488 671 528 gloriam

348 534 488 566 melioris
514 537 625 567 status.

301 610 383 650 Iesu,
409 612 446 641 ut
471 610 510 641 de
535 610 621 642 vitiis

350 657 507 696 possimus
531 658 739 698 triumphare,

300 703 368 735 Nos
392 704 424 734 in
451 707 588 735 montem
615 704 729 735 doceas

347 750 454 782 oculos
478 751 596 792 levare,

302 797 355 828 Ad
380 800 413 827 te
436 797 539 829 Deum
564 797 688 828 scilicet

351 847 383 875 et
406 845 558 876 caelestes
585 845 678 883 cives,

303 891 364 930 Qui
389 901 408 922 a
431 893 464 922 te
488 891 548 923 hoc
572 891 704 930 obtinet,

349 938 426 969 satis
452 938 514 969 erit
540 938 638 972 dives.

301 1013 383 1053 Iesu,
409 1013 463 1053 qui
487 1013 661 1046 Ierusalem

347 1059 569 1091 aedificatione

300 1107 432 1139 Laetum
460 1107 565 1139 David
590 1105 710 1138 faciens

347 1157 377 1185 et
402 1154 679 1194 consummatione,

301 1201 472 1233 Caritatem
497 1200 597 1232 facias

345 1251 455 1279 tenere
480 1246 653 1279 fraternam

298 1295 377 1338 Nos,
402 1303 461 1334 per
487 1304 580 1335 quam
604 1295 779 1327 Ierusalem

345 1342 525 1373 scandimus
552 1350 730 1382 supernam.

298 1418 381 1457 Iesu,
407 1418 441 1448 in
464 1417 617 1458 angustiis

345 1464 457 1496 iubens
483 1465 609 1495 elevare

298 1512 350 1543 Ad
376 1514 409 1543 te
432 1511 546 1542 mentis
569 1511 686 1550 oculos,

346 1561 512 1598 promptus
537 1558 690 1590 adiuvare

298 1605 388 1645 Esto,
415 1605 540 1645 quando
564 1605 703 1644 patimur

344 1652 492 1684 iniuriam
517 1652 681 1692 malorum,

296 1700 386 1739 Quod
411 1708 468 1731 nos
494 1703 615 1739 gravat,
641 1707 788 1730 amovens

343 1747 469 1787 pondus
494 1749 709 1786 peccatorum.

298 1822 380 1862 Iesu,
408 1831 498 1862 quem
525 1824 556 1853 et
580 1822 682 1854 Israel

342 1869 511 1909 Davidque
537 1878 606 1901 cum
633 1869 688 1908 eis,

297 1917 382 1949 Dum
402 1917 481 1957 ipsis
506 1917 671 1948 victoriam

345 1965 402 1996 das
429 1965 469 1996 de
493 1963 687 2005 Philistaeis‚

296 2012 454 2051 Laudant,
479 2012 567 2042 muni
593 2009 720 2042 fortiter

342 2060 441 2099 pedes
465 2061 594 2090 nostrae
618 2057 742 2096 mentis,

293 2106 340 2139 Ut
363 2109 536 2138 torrentem
561 2107 726 2137 transeant

342 2162 442 2194 aquae
466 2153 673 2186 vehementis.

296 2230 381 2270 Iesu,
409 2230 450 2261 da
473 2228 621 2261 fiduciam

339 2278 373 2308 in
398 2280 432 2308 te
455 2286 513 2308 nos
537 2275 665 2315 habere,

294 2325 471 2357 Caelestem
496 2324 670 2358 Ierusalem

338 2372 468 2405 tandem
491 2371 669 2411 possidere,

897 824 953 857 26.

895 1226 949 1257 27.

895 1630 949 1663 28.

893 2037 947 2068 29.

979 208 1070 240 Omni
1095 216 1217 247 quoque
1241 210 1382 248 ‘tempore

1025 254 1188 286 stabiliens
1212 255 1245 285 in
1270 254 1360 286 bonis

978 301 1056 341 Hos,
1082 301 1136 341 qui
1159 302 1206 332 tui
1231 300 1288 332 filii

1026 351 1099 380 sunt
1121 348 1311 387 adoptionis

922 444 929 453 ,
945 448 953 454 .
979 423 1060 463 Iesu,
1089 423 1142 462 qui
1165 422 1327 455 Iudaicam

1027 470 1100 501 dum
1126 470 1164 501 de
1188 469 1352 509 Babylone

978 516 1107 548 Plebem
1132 517 1216 548 redit
1239 517 1352 556 gaudio

1027 564 1141 605 repleS,
1167 564 1240 595 Iesu
1264 563 1354 605 bone,

979 610 1037 649 Qui
1063 618 1095 640 es
1122 610 1292 641 consolatio

1026 656 1127 695 plebis
1154 657 1340 695 captivatae,

979 702 1046 733 Nos
1071 703 1112 733 ad
1137 706 1264 742 portum
1288 704 1414 743 applica

1027 750 1113 789 pacis
1138 753 1354 789 praeoptatae.

978 823 1062 864 Iesu,
1089 824 1162 863 quia
1184 824 1330 856 Salomon

1024 871 1057 902 in
1081 880 1195 903 vanum
1218 871 1387 913 laboraret,

977 917 1061 948 Dum
1083 918 1233 957 'templum
1259 918 1414 959 aedificat,

1025 964 1085 995 nisi
1112 965 1278 996 adiuvaret

978 1011 1045 1042 Tua
1069 1011 1279 1051 providentia,

1025 1057 1237 1090 adaedificare

977 1104 1112 1136 Domum
1137 1105 1252 1144 cordis,
1277 1105 1430 1145 volumus,

1027 1152 1165 1191 digneris
1190 1152 1310 1184 iuvare.

976 1226 1058 1268 Iesu,
1087 1226 1139 1265 qui
1164 1226 1347 1257 timentibus

1024 1276 1056 1303 te
1080 1273 1132 1303 hic
1156 1273 1295 1304 tribuisti

977 1319 1067 1351 Bona
1090 1320 1287 1359 temporalia,

1025 1369 1153 1398 aeterna
1177 1367 1350 1406 promisisti

976 1413 1015 1444 In
1039 1412 1146 1445 futura
1171 1414 1287 1452 patria,

1024 1459 1076 1491 fac
1097 1469 1154 1491 nos
1178 1464 1211 1491 te
1234 1461 1347 1491 timere

976 1506 1019 1538 Et
1044 1510 1174 1538 aeterna
1197 1508 1313 1547 gaudia

1024 1557 1128 1585 tecum
1152 1554 1328 1594 possidere.

978 1631 1056 1673 Iesu,
1085 1632 1138 1670 qui
1162 1631 1256 1670 punis
1282 1639 1344 1671 eos,

1022 1678 1075 1717 qui
1100 1678 1201 1709 Israel
1225 1682 1417 1717 expugnant,

977 1725 1068 1756 Idem
1093 1723 1146 1756 fac
1170 1727 1202 1755 et
1225 1724 1378 1766 omnibus,

1021 1772 1073 1810 qui
1098 1772 1180 1802 male
1203 1780 1260 1803 nos
1284 1771 1480 1812 impugnant,

974 1817 1034 1859 Da,
1060 1821 1096 1849 ut
1118 1817 1198 1849 fiant
1223 1818 1341 1849 viribus

1023 1865 1087 1896 suis
1114 1865 1267 1905 destituti,

976 1913 1021 1945 Ut
1044 1913 1091 1944 sic
1114 1913 1211 1943 simus
1236 1912 1352 1953 iugiter

1021 1962 1054 1991 te
1078 1962 1186 1991 tuente
1210 1959 1280 1991 tuti.

975 2036 1057 2075 Iesu,
1084 2034 1318 2075 paenitentibus

1021 2091 1156 2123 parcens
1180 2082 1384 2125 succurendo,

976 2132 1038 2164 Hic
1062 2130 1313 2161 misericordiam

1023 2179 1067 2210 eis
1093 2177 1317 2218 promittendo,

973 2227 1124 2258 Iuvamen
1149 2224 1311 2255 humiliter

1020 2277 1108 2305 tuum
1132 2272 1348 2313 imploramus,

974 2322 1020 2354 Ut
1043 2319 1294 2352 misericorditer

1020 2368 1141 2407 audias
1169 2367 1349 2398 clamamus.
