1650 2612
207 879 258 911 10.

207 1102 247 1135 11

209 1328 262 1359 12.

212 1552 265 1584 13.

208 1776 262 1808 14.

211 2001 265 2032 15.

214 2227 268 2260 16.

705 113 958 146 -266—

255 237 262 244 .
287 212 366 251 Ave,
391 211 512 251 repleta
536 209 659 249 gaudie,

289 258 458 290 Gratanter
482 255 540 288 tibi
564 255 678 296 servio,

287 305 376 347 Nam,
402 304 459 335 tibi
483 303 535 343 qui
560 311 620 334 non
646 301 795 343 serviunt,

286 352 338 384 Ad
362 350 493 382 nihilum
520 349 696 381 deveniunt.

286 428 365 466 Ave,
394 426 487 457 decus
513 424 672 461 ecelesiae,

285 473 391 505 Mater
413 471 659 510 misericordiae,

285 520 402 552 Libera
426 527 474 549 me
498 517 537 550 ab
562 516 704 548 omnibus

284 567 321 599 In
347 574 396 598 me
418 566 500 598 male
524 563 732 604 surgentibus.

252 676 259 684 .
285 652 363 689 Ave,
390 659 462 690 spes
487 649 637 690 fidelium,

285 699 375 730 Salus
401 700 432 728 et
455 697 637 737 remedium,

284 745 336 777 Da
359 744 436 776 mihi
459 752 541 775 nune
565 742 723 781 auxilium,

287 792 364 824 Nam
391 800 472 823 vana
495 790 579 822 salus
603 789 770 822 hominum.

284 877 363 916 Ave,
392 876 504 907 sedens
529 876 682 914 superius,

286 924 371 955 Audi
399 923 438 954 de
461 925 565 954 terrae
588 921 702 953 finibus

287 971 338 1002 Ad
363 974 395 1001 te
419 970 605 1002 clamantem
630 968 785 999 hominem

286 1017 330 1049 Et
353 1016 404 1048 fao
428 1018 605 1048 sanctorum
630 1015 783 1047 comitem.

254 1127 260 1134 .
284 1102 362 1143 Ave,
389 1101 472 1132 salus
497 1100 664 1138 hominum,

289 1148 383 1180 Plaea
406 1148 483 1179 mihi
507 1147 683 1185 Dominum,

292 1195 372 1226 Nam
399 1197 447 1225 est
469 1195 538 1234 ipse
562 1202 647 1225 meus
672 1192 757 1224 Deus

290 1242 333 1273 Et
360 1241 500 1273 salvator
523 1240 579 1271 ille
598 1248 694 1272 meus,

288 1326 365 1363 Ave,
391 1327 466 1356 nata
490 1325 529 1357 de
553 1323 711 1356 Nazareth

287 1373 380 1404 quta
405 1374 546 1411 stagnum
572 1370 775 1411 Genesareth‚

288 1419 341 1450 Ad
363 1422 395 1450 te
421 1420 460 1450 de
482 1419 552 1449 luce
575 1417 680 1457 vigilo,

290 1466 334 1498 Ut
357 1473 406 1496 me
431 1465 627 1497 commendes
650 1463 725 1496 filio.

291 1551 368 1590 Ave,
394 1552 512 1581 remota
537 1550 575 1580 de
601 1549 707 1589 Segor,

289 1596 413 1628 Exaudi
438 1605 496 1637 me,
525 1596 597 1627 dum
623 1597 783 1634 deprecor,

288 1644 331 1675 Et
355 1643 447 1683 placa
471 1643 547 1674 mihi
570 1642 680 1684 Deum,

291 1690 339 1721 Ne
363 1699 413 1722 me
438 1691 623 1722 condemnet
646 1697 742 1721 reum.

288 1776 368 1817 Ave,
392 1783 464 1806 rosa
489 1776 528 1807 de
553 1774 685 1814 Iericho,

289 1822 334 1853 Te
360 1823 450 1854 decet
473 1822 605 1861 hymnus
631 1822 663 1853 in
689 1821 762 1853 Sion

288 1869 331 1900 Et
353 1872 458 1901 votum
481 1869 514 1900 in
538 1868 706 1900 Ierusalem

289 1915 405 1947 Natum
430 1917 534 1948 Iesum
558 1916 590 1947 in
615 1915 809 1947 Bethlehem.

290 2000 368 2043 Ave,
395 1999 498 2031 lumen
524 2000 693 2041 singulare,

289 2046 356 2077 Fae
380 2055 436 2078 nos
459 2047 526 2078 Deo
550 2046 683 2078 iuhilare

291 2093 335 2124 Et
359 2094 386 2124 ei
411 2093 519 2125 laudes
544 2094 680 2125 reddere

294 2140 370 2173 Cum
394 2141 538 2179 supernis
562 2140 595 2171 in
619 2140 755 2172 aethere.

292 2272 351 2311 Qui
376 2272 494 2304 cunetis
520 2272 705 2303 misereatur

292 2319 337 2351 Et
358 2328 416 2351 nos
439 2318 487 2350 sie
508 2318 674 2359 illuminet,

293 2367 381 2406 Quod
407 2366 495 2397 vultu
519 2374 574 2397 suo
598 2365 702 2399 satiet.

294 2227 372 2266 Ave,
398 2233 457 2264 per
478 2233 569 2264 quam
594 2224 684 2256 nobis
710 2225 812 2262 datur,

875 208 932 240 17.

876 423 930 455 18.

878 649 930 680 19.

878 874 933 906 20.

878 1097 932 1131 21.

880 1324 934 1356 22.

880 1548 934 1580 23.

880 1775 933 1807 24.

881 2002 935 2033 25.

885 2226 939 2258 26.

957 207 1037 245 Ave,
1062 205 1162 246 virgo,
1190 205 1231 236 da
1255 204 1400 246 gaudere,

956 253 1048 285 Nune
1073 254 1221 291 exsurgat
1244 252 1329 283 Deus
1354 259 1437 289 vere,

957 301 1040 332 Puer
1063 299 1169 331 David
1194 299 1283 330 nobis
1310 298 1412 337 detur,

956 347 1001 378 Et
1026 345 1153 377 Goliath
1180 345 1368 378 destruetur.

957 423 1035 461 Ave,
1061 429 1175 460 precor
1198 420 1290 451 nimis
1316 427 1398 459 reus,

954 468 1082 500 Salvum
1106 477 1157 499 me
1180 465 1241 507 fae,
1271 467 1358 498 Deus
1380 474 1480 502 meus,

956 515 1021 547 Iam
1045 515 1165 546 intrant
1187 522 1287 553 aquae
1310 513 1433 544 ianuam

955 563 1038 594 Fere
1062 570 1160 601 usque
1184 561 1224 592 ad
1250 560 1396 594 animam.

959 648 1037 687 Ave,
1065 646 1125 678 Dei
1148 646 1330 685 triclinium,

955 694 1032 726 Esto
1057 694 1090 725 111
1114 694 1313 730 adiutorium,

955 740 1047 773 Salus
1071 749 1141 772 mea
1165 749 1289 780 semper
1314 740 1386 779 eris,

955 788 1022 820 Iam
1048 786 1170 831 festina,
1197 796 1236 818 ne
1261 787 1403 819 moreris.

959 874 1037 915 Ave,
1063 875 1173 914 mater,
1198 873 1231 903 in
1255 875 1288 903 te
1312 880 1415 911 spero,

955 919 1099 952 Laudum
1123 928 1234 950 munus
1255 920 1296 951 ad
1321 922 1353 949 te
1377 917 1456 958 fero,

957 967 993 998 In
1018 970 1050 998 te
1074 975 1144 997 mea
1169 966 1316 1005 cantatio,

957 1014 1030 1045 Mea
1055 1016 1089 1044 tu
1113 1013 1286 1045 meditatio.

958 1098 1037 1138 Ave,
1063 1097 1162 1138 virgo,
1190 1099 1275 1129 euius
1300 1097 1394 1128 tellus

956 1144 1108 1185 Irrigavit
1131 1153 1182 1177 ros
1207 1144 1360 1183 novellus,

959 1191 1051 1223 Nune
1074 1194 1106 1222 te
1131 1200 1253 1232 precor,
1278 1199 1359 1223 novo
1385 1199 1470 1223 more

959 1238 1004 1270 Ut
1027 1247 1083 1270 nos
1108 1247 1240 1278 spargas
1266 1237 1345 1270 caeli
1370 1246 1451 1269 rore.

959 1323 1039 1363 Ave,
1065 1322 1180 1362 Ioseph
1206 1323 1404 1362 desponsata,

960 1369 1016 1401 Cui
1041 1378 1117 1400 voce
1141 1370 1307 1409 propalata

959 1416 1168 1448 Annuntiavit
1193 1416 1332 1455 Gabriel,

961 1463 1058 1502 Quam
1083 1463 1184 1496 bonus
1209 1463 1294 1495 Deus
1319 1464 1429 1495 1srael.

959 1549 1038 1588 Ave,
1064 1549 1215 1588 templum
1240 1547 1425 1587 Saiomonis,

960 1595 1047 1626 Tuae
1072 1596 1330 1636 congregationis,

959 1641 1082 1673 Memor
1107 1646 1174 1674 esto
1201 1642 1278 1674 dans
1303 1642 1447 1683 salutem,

963 1688 1007 1721 Ut
1030 1697 1163 1730 peccare
1187 1689 1233 1720 sie
1258 1688 1401 1721 refutem.

960 1774 1037 1817 Ave,
1064 1774 1116 1805 via
1139 1783 1234 1806 verae
1259 1774 1348 1812 lueis,

961 1821 998 1852 In
1024 1821 1140 1852 virtute
1164 1825 1292 1853 sanetae
1317 1822 1419 1852 erucis

961 1868 1027 1900 Fae
1050 1877 1106 1900 nos
1132 1869 1199 1900 Deo
1226 1868 1367 1900 confiteri

960 1915 1005 1946 Et
1027 1915 1066 1947 ab
1089 1916 1159 1955 ipso
1184 1916 1350 1954 possideri.

958 2001 1037 2041 Ave,
1065 2003 1175 2042 mater,
1203 2000 1290 2032 cuius
1314 2003 1406 2033 natus

963 2047 1000 2079 111
1025 2048 1144 2079 Iudaea
1165 2048 1268 2087 primo
1295 2048 1387 2079 datus

961 2094 1006 2125 Et
1029 2103 1174 2134 magnum
1199 2098 1247 2125 est
1269 2095 1302 2126 in
1328 2095 1428 2126 Israel

962 2141 1094 2182 Nomen,
1122 2141 1204 2182 quod
1223 2145 1271 2172 est
1286 2140 1485 2175 Emmanuel.

965 2227 1044 2267 Ave,
1071 2225 1158 2265 virgo
1183 2224 1336 2266 Galilaea.

966 2273 1019 2305 Ad
1043 2274 1075 2303 te
1100 2273 1199 2304 elamo
1224 2280 1301 2304 voce
1325 2282 1405 2314 mea,

965 2320 1033 2351 Fae
1054 2319 1132 2350 mihi
1149 2318 1320 2359 propitium

967 2366 1078 2404 Deum,
1097 2375 1186 2406 quem
1206 2366 1394 2405 deprecatus
1411 2378 1487 2401 sum.
