1650 2612
696 137 955 174 --183-ἢ

192 229 237 259 20.
259 232 354 267 Salve,
376 233 463 261 decus
482 231 664 267 firmamenti,
867 232 912 262 21.
933 234 1003 269 Ave,
1024 234 1117 263 vellus
1138 242 1203 262 rore
1223 233 1349 271 madens,

254 270 339 303 Mihi,
361 272 454 306 virgo,
474 273 504 298 te
523 273 634 306 petenti
933 274 989 307 Qui
1008 273 1043 301 de
1062 273 1154 308 patris
1174 274 1239 300 sinu
1259 273 1366 300 cadens

256 308 313 336 Cor
334 308 491 336 iucundum
515 310 967 343 conferatur,1n
986 314 1022 345 te,
1044 313 1136 346 virgo,
1157 310 1227 338 lana
1245 311 1361 344 munda,

255 346 296 373 Et
316 355 347 374 os
367 346 454 374 laude
474 347 628 382 repleatur.
932 349 1058 376 Deitatis
1077 349 1153 385 pluit
1171 348 1256 375 unda.

179 401 224 437 21,
246 401 264 430 2
290 404 379 431 Porta
403 403 503 430 clausa
533 404 565 431 B.
593 419 630 423 —
655 402 700 435 21,
725 405 742 431 3
766 404 868 432 Vellus
895 405 1004 432 clarum
1033 404 1151 433 madens
1172 405 1208 440 C,
1237 405 1353 432 Clarum
1378 406 1473 433 vellus

178 441 213 505 ξι.
230 439 334 513 S—U33,
338 440 376 507 ᾗ
381 441 485 506 S111110X
495 450 593 469 omnes
613 444 646 469 tu
660 442 695 476 03
717 443 763 469 Tu
780 449 835 478 pro
855 443 941 470 nobis
962 451 1074 479 semper
1088 450 1140 469 ora
1153 442 1183 469 Z.
1203 457 1240 461 —-
1260 442 1316 471 Str.
1331 441 1473 471 2312utet

188 533 234 563 23.
255 536 324 571 Ave,
346 538 428 573 virgo
450 536 513 563 Deo
535 544 611 569 cara,
867 535 911 564 24.
933 537 1029 570 Salve,
1050 539 1141 572 virgo,
1162 537 1255 564 vellus
1274 539 1358 572 roris,

254 574 312 601 Sed
332 575 423 610 stirpe
443 574 508 609 plus
528 574 610 610 prole
629 574 716 607 clara,
930 576 976 602 Tu
996 575 1100 602 dilecta
1120 573 1289 609 Salvatoris,

254 612 362 639 Tecum
383 620 458 648 apex
477 611 661 647 dignitatum,
930 613 976 640 Tu
995 621 1045 640 eor
1064 612 1174 640 habens
1193 612 1381 648 liquefactum

253 650 324 683 Rex,
346 651 397 686 qui
418 649 512 676 aufert
530 658 630 685 regum
648 650 758 676 flatum.
928 650 973 677 Ad
992 651 1116 685 ignitum
1139 650 1196 677 Dei
1216 653 1333 677 tactum.

176 713 260 781 ἓξὲξ
280 716 322 781 Ῐ21ἒ
342 716 437 782 §enixi
456 715 605 742 videamus
625 716 658 742 B.
679 729 715 733 —-
735 714 780 750 25,
801 713 818 742 2
838 715 927 743 Salva
946 716 1068 743 mundos
1088 715 1123 742 A.
1143 731 1180 735 —
1200 715 1258 742 Str.
1277 714 1313 744 25
1331 717 1423 745 lautet
1441 718 1472 744 in

257 773 264 787 ,
341 763 373 780 111
428 763 434 780 :

186 807 231 837 25.
252 810 323 844 Ave,
343 811 426 846 virgo
449 809 512 836 Deo
533 817 610 843 cara,
862 807 907 836 26.
928 808 1025 843 Salve,
1044 811 1127 843 virgo
1148 812 1240 836 mater
1260 811 1337 846 agni,

253 848 310 875 Sed
330 849 421 883 stirpe
440 847 505 881 plus
525 848 607 882 prole
628 855 703 883 cara,
927 847 996 874 Iesu
1016 847 1134 879 Christi,
1159 848 1235 882 regis
1255 849 1362 883 magni,

251 887 359 913 Tecum
381 892 457 921 apex
476 885 661 920 dignitatum,
930 885 989 918 Qui
1007 886 1176 912 cunctorum
1194 885 1369 920 dominatur,

252 924 323 958 Rex,
345 925 397 959 qui
417 922 511 949 aufert
530 931 630 958 regum
649 923 757 950 flatum.
930 923 1009 949 Mira
1027 922 1106 950 solus
1128 925 1271 957 operatur.

175 979 220 1015 27,
243 979 258 1008 1
279 981 342 1008 Ave
358 982 451 1008 mater
464 979 495 1012 Ο,
516 980 599 1015 virgo
618 988 689 1008 vera
708 981 790 1016 quies
804 980 842 1014 B3
864 987 939 1015 quae
962 980 1072 1014 rogasti
1088 979 1120 1005 Z.
1138 993 1178 997 —
1196 977 1240 1012 27,
1254 977 1272 1006 3
1293 988 1373 1007 oram
1385 981 1418 1007 B.
1432 995 1470 1000 —

176 1018 233 1046 Str.
252 1016 290 1046 28
310 1020 341 1045 in
361 1018 402 1045 A:

521 1071 567 1101 28.
587 1074 683 1106 Salve,
703 1075 787 1109 virgo
810 1074 898 1109 (ligna
918 1073 1012 1107 laude,

590 1112 615 1139 Ο
635 1113 743 1147 regina,
766 1120 878 1147 semper
896 1111 998 1147 gaude,

588 1149 630 1176 Te
649 1150 777 1184 reginae,
797 1151 826 1176 te
846 1151 1014 1176 cunctorum

588 1187 724 1214 Laudant
744 1195 795 1214 ora
814 1187 995 1222 populorum.

173 1243 218 1280 29,
240 1242 257 1272 3
277 1245 392 1272 Fletum
411 1243 485 1270 mihi
504 1244 568 1277 UV,
589 1245 724 1271 miserate
744 1245 777 1271 A.
798 1257 835 1261 ——
855 1243 911 1270 Str.
933 1241 970 1270 30
992 1244 1022 1270 in
1037 1242 1121 1277 SUV‚
1143 1242 1199 1270 Str·
1219 1240 1256 1270 31
1276 1251 1304 1270 u.
1324 1241 1362 1271 32
1381 1245 1412 1271 in
1425 1245 1468 1271 A:

182 1299 227 1330 30.
248 1302 318 1335 Ave,
338 1303 432 1337 virgo,
452 1307 528 1336 quae
547 1300 633 1327 beato
927 1299 1018 1326 Nulla
1036 1306 1164 1333 unquam
1186 1299 1330 1326 saeculari

251 1339 360 1384 Cordis.
374 1346 424 1366 ore
443 1338 566 1382 dilatato
587 1376 594 1381 Α
927 1337 990 1364 Lue
1010 1337 1107 1373 quivit
1125 1337 1281 1372 inquinari.

248 1376 480 1443 'issfflsuffiiss
487 1374 676 1441 ἶῖἒὲῗέωεῇ.
860 1391 907 1421 32-
925 1393 1349 1467 {ffvggcgssgff0guvffgssegffgta’

182 1470 228 1500 31.
249 1472 346 1507 Salve,
367 1471 507 1506 templum
527 1470 721 1504 impollutum,
926 1470 1006 1497 Tuus
1026 1472 1112 1496 natus
1133 1477 1183 1496 rex
1202 1469 1321 1496 deorum

249 1510 338 1538 Cuius
359 1508 466 1537 mundo
487 1516 537 1535 eor
556 1510 674 1535 exutum
927 1507 968 1534 Et
987 1509 1019 1534 tu
1039 1507 1125 1534 decus
1147 1507 1325 1543 angelorum.

172 1567 314 1595 Dieselbe
333 1565 458 1602 Strophe
476 1563 514 1593 32
531 1565 627 1592 lautet
643 1566 676 1592 in
695 1564 788 1592 SUV:

589 1622 660 1656 Ave,
681 1623 792 1649 eunetis
812 1621 1008 1657 praeferenda,

588 1660 690 1687 Firma
707 1667 797 1696 vagos
820 1661 848 1686 et
868 1660 997 1692 emenda,

586 1698 666 1734 Rege
685 1697 806 1733 plebem,
830 1706 916 1725 serva
934 1698 1052 1732 clerum,

590 1736 691 1771 Virgo,
711 1743 826 1771 gemma
844 1736 1007 1763 mulierum.

174 1793 259 1831 33,1
281 1803 344 1832 sqq.
365 1793 461 1827 Salve,
481 1794 573 1829 virgo,
594 1793 665 1829 fuga
682 1794 804 1819 mortem
824 1794 877 1820 ete.
898 1792 932 1819 A.
955 1807 991 1811 —
1012 1790 1057 1826 34,
1081 1790 1095 1820 1
1116 1801 1178 1828 sqq.
1199 1791 1294 1827 Salve,
1315 1793 1399 1829 virgo
1420 1792 1474 1820 ad-

174 1834 308 1861 miranda
328 1835 381 1861 ete.
402 1831 439 1860 A.
460 1846 496 1850 —
517 1828 562 1865 35,
585 1829 599 1857 1
622 1838 684 1866 sqq.
705 1830 802 1863 Salve,
823 1831 916 1866 vir,go
937 1838 1012 1866 quae
1031 1831 1066 1858 <le
1087 1831 1164 1857 tristi
1184 1832 1237 1857 etc.
1252 1830 1285 1857 A.
1306 1844 1343 1849 —
1363 1831 1419 1858 Str.
1434 1828 1473 1858 36

174 1873 268 1900 lautet
287 1873 318 1899 in
338 1871 378 1900 A:
405 1869 500 1903 Salve,
521 1870 604 1905 virgo
627 1868 776 1896 fructuosa
796 1870 858 1901 ete„
878 1868 935 1905 vgl.
956 1867 1012 1895 Str.
1033 1866 1085 1902 34;
1113 1868 1191 1895 daun
1210 1868 1334 1896 schaltet
1353 1869 1379 1896 A
1399 1870 1473 1896 zwei

174 1910 320 1947 Strophen
342 1910 404 1937 ein:
426 1907 515 1935 Salve
536 1907 655 1943 grandis
674 1909 703 1934 et
722 1906 831 1942 pusilla
849 1908 912 1940 ete„
931 1906 991 1943 vgl.
1014 1906 1071 1934 Str.
1078 1891 1127 1933 35
1148 1906 1208 1933 und

590 1963 686 1997 Salve,
706 1971 821 1999 gemma
840 1964 993 1997 eastitatis,

591 2002 691 2038 Virgo,
712 2002 769 2029 Dei
791 2002 920 2028 civitatis

588 2040 687 2073 Porta,
707 2048 790 2067 mons
811 2041 840 2066 et
858 2039 1076 2067 fundamentum

589 2078 630 2106 Et
648 2078 760 2105 decoris
782 2077 1032 2113 complementum,

170 2139 308 2168 woduroh
334 2148 364 2167 es
393 2140 425 2166 in
450 2136 501 2164 der
520 2137 643 2163 zweiten
665 2136 875 2171 Quinquagene
894 2132 931 2161 52
951 2134 1097 2171 Strophen
1116 2136 1187 2162 statt
1206 2131 1243 2162 50
1263 2134 1366 2162 erhilt.
1403 2136 1474 2163 Die-

175 2179 256 2206 selbe
276 2178 334 2205 Str.
354 2175 392 2205 36
411 2177 444 2203 in
463 2175 553 2204 SUV:

589 2212 660 2245 Ave,
680 2212 772 2248 virgo,
792 2211 874 2238 cuius
895 2210 961 2238 alvo

596 2249 746 2278 castitatis
767 2249 838 2277 flore
860 2248 942 2276 salvo

592 2288 736 2323 Summus,
758 2287 830 2315 Sion
850 2288 900 2323 qui
919 2287 1060 2322 fundavit,

588 2328 631 2356 Ut
649 2327 703 2354 flos
723 2327 809 2354 homo
830 2326 1015 2362 germinavit.

132 2399 138 2408 ⁴
173 2386 219 2422 37,
240 2385 258 2414 2
279 2388 374 2415 salvet
391 2387 422 2416 Ζ.
449 2401 488 2406 —
514 2383 560 2419 38,
581 2382 599 2413 3
620 2384 704 2412 Mens
726 2386 755 2411 et
773 2383 876 2420 lingua
893 2383 927 2411 B.
951 2398 986 2402 --
1007 2381 1053 2419 39,
1074 2381 1092 2411 3
1111 2392 1140 2410 u.
1160 2381 1180 2410 4
1197 2384 1366 2419 umgestellt
1384 2384 1418 2411 B.
1441 2398 1476 2403 --

174 2424 220 2463 39,
244 2425 258 2454 1
279 2435 342 2463 sqq.
363 2425 430 2454 sind
448 2426 481 2453 in
501 2424 526 2452 A
546 2424 609 2452 also
629 2422 794 2450 vertindert:
