1650 2612
239 199 269 232 2⁷.

209 1404 264 1435 10.

205 1808 261 1840 11.

204 2211 258 2243 12.

727 105 961 138 -22-

296 197 399 239 Salve,
426 207 513 240 crux,
538 208 600 239 qua
622 198 775 230 Dominus

341 246 441 277 nostri
464 246 630 278 miseratus

293 291 416 325 Probra
438 293 507 332 pati
531 293 606 324 vilia

339 339 449 371 mortis
477 341 525 370 est
547 342 688 379 paratus,

289 385 470 426 Resurgens
498 386 643 428 diluculo,

341 433 436 464 caelis
462 432 628 472 exaltatus,

292 478 329 510 In
354 480 464 511 mortis
489 479 621 510 articulo

339 524 432 557 nobis
456 526 499 557 sit
521 527 677 565 placatus.

259 625 266 631 .
294 599 398 642 Salve,
425 609 511 642 crux,
537 610 599 640 qua
623 600 748 632 calicem

337 645 418 678 bibit
441 647 597 686 passionis

290 693 515 725 Detractorum
539 695 645 726 odium

339 741 494 772 sustinens
518 749 577 780 pro
602 740 692 772 bonis

292 786 438 826 Linguas,
465 796 541 827 quas
567 787 745 827 coinquinat

339 832 382 865 fel
409 835 622 875 detractionis,

291 881 353 912 Per
376 883 409 912 te
433 883 524 912 sanet
546 882 668 921 puritas

336 926 440 959 fidelis
465 928 627 960 sermonis.

256 1029 263 1035 .
293 1001 396 1042 Salve,
424 1011 510 1044 crux,
537 1012 597 1043 qua
620 1004 735 1034 meruit

337 1052 431 1088 caput
456 1049 605 1089 exaltare,

290 1094 349 1133 Qui
373 1099 543 1127 torrentem
568 1096 668 1128 voluit

338 1143 448 1173 mortis
473 1146 688 1183 praegustare,

289 1189 386 1227 Quem
410 1189 443 1220 in
468 1190 567 1228 patris
592 1190 722 1221 dextera

338 1235 494 1267 credimus
519 1245 660 1278 regnare,

289 1281 435 1313 Membra
460 1282 536 1314 velit
560 1283 656 1322 capiti

335 1337 390 1360 suo
414 1329 544 1363 sociare.

291 1403 395 1444 Salve,
423 1412 508 1442 cruX,
535 1403 716 1435 timentibus

337 1457 439 1481 escam
466 1450 542 1481 dans
568 1453 731 1493 sacratam,

291 1495 423 1528 Carnem
450 1496 567 1528 Christi
591 1497 735 1529 cornibus

336 1544 437 1574 erucis
462 1544 665 1583 immolatam,

290 1589 348 1628 Qui
375 1591 470 1622 donat
495 1591 695 1623 credentibus

335 1645 436 1668 escam
462 1640 526 1668 tam
551 1638 685 1678 beatam,

287 1684 378 1715 Illam
404 1685 458 1716 det
483 1685 647 1717 edentibus

330 1733 466 1763 mentem
491 1732 679 1764 timoratam.

289 1806 391 1846 Salve,
419 1815 504 1849 crux,
533 1816 594 1847 qua
617 1807 723 1838 timuit

334 1853 463 1885 calicem
484 1854 648 1892 poenalem

287 1899 441 1939 Christus,
469 1899 583 1931 docens
608 1900 764 1931 hominem

332 1945 400 1976 fore
425 1954 459 1976 se
482 1946 657 1985 mortalem,

287 1992 345 2031 Qui
369 1992 476 2024 timori
500 1993 630 2031 spiritus

331 2039 475 2070 subdidit
499 2039 666 2078 carnalem,

285 2086 443 2118 Timorem
467 2085 651 2118 timentibus

333 2133 428 2164 donet
449 2132 635 2173 spiritalem.

285 2208 389 2247 Salve,
416 2216 503 2247 cruX‚
529 2217 591 2247 qua
614 2209 704 2247 pueri

331 2256 453 2288 calvum
477 2254 616 2295 irrisere,

283 2302 393 2336 Iudaei
420 2301 566 2334 Calvaria

332 2349 491 2382 Christum
514 2349 668 2393 occidere,

884 412 937 446 13.

884 815 935 847 14.

880 1218 934 1250 15.

879 1620 933 1651 16.

878 2020 931 2052 17.

967 198 1029 229 Per
1052 201 1083 230 te
1106 198 1237 231 laudent
1260 197 1427 230 Dominum

1010 246 1111 285 puen’‚
1138 245 1191 285 qui
1216 253 1290 278 vere

965 292 1117 324 Puritatis
1142 293 1275 331 gratiam

1012 347 1124 377 puram
1147 347 1301 370 meruere.

965 412 1067 452 Salve,
1096 421 1184 453 crux,
1211 421 1290 453 quae
1313 411 1440 443 laticem

1013 459 1052 491 de
1073 462 1168 499 petra
1192 459 1332 501 deduxit,

965 505 1096 543 Quando
1120 505 1206 537 Deus
1230 505 1333 538 Israel

1010 551 1049 584 ab
1074 553 1221 593 Aegypto
1248 553 1347 592 duxit,

963 599 1029 631 Nos
1056 599 1160 640 ducat,
1187 608 1246 640 quo
1271 599 1439 638 mysticum

1010 646 1110 678 Israel
1134 647 1295 687 perduxit,

964 692 1022 730 Qui
1048 694 1088 725 de
1111 702 1168 724 suo
1192 693 1294 725 latere

1009 740 1132 772 veniam
1157 741 1320 779 produxit.

962 814 1066 855 Salve,
1094 823 1180 854 crux,
1207 825 1269 856 qua
1293 816 1426 848 vinculis

1008 861 1118 893 mortis
1144 864 1176 892 et
1197 863 1340 894 dolorum

965 907 1110 939 Christus
1133 908 1166 938 in
1191 909 1341 948 periculis

1009 953 1070 986 fnit
1092 953 1277 996 inferorum,

963 1000 1138 1033 Conversus
1164 1001 1206 1033 ad
1227 1002 1368 1042 requiem

1006 1048 1039 1079 in
1063 1047 1127 1079 fine
1149 1047 1292 1080 laborum

961 1094 1024 1125 Det
1048 1095 1185 1135 quietem
1208 1096 1368 1135 placidam

1007 1141 1041 1173 in
1065 1151 1161 1182 regno
1186 1144 1355 1175 caelorum.

960 1216 1064 1256 Salve,
1092 1225 1177 1254 crux,
1202 1227 1282 1257 quae
1305 1220 1440 1257 mystico

1007 1264 1097 1301 prelo
1123 1265 1290 1296 torcularis

960 1310 1077 1348 Imples
1105 1310 1223 1342 Christi
1248 1312 1400 1351 sanguine

1008 1357 1137 1388 calicem
1163 1357 1283 1400 altaris,

960 1402 1050 1435 Calix
1076 1413 1152 1443 quos
1176 1404 1316 1437 inebriat

1007 1451 1072 1482 vini
1096 1451 1273 1490 singularis,

960 1496 1047 1528 Salvi
1072 1497 1134 1528 sint
1157 1498 1191 1528 in
1216 1499 1314 1530 calice

1005 1544 1118 1575 summi
1141 1545 1299 1579 salutaris⁸

960 1618 1054 1650 Salve
1080 1628 1166 1659 crux,
1193 1629 1287 1660 quam
1311 1624 1421 1662 populi

1004 1669 1176 1706 gentesque
1198 1668 1340 1708 laudare,

957 1712 1068 1745 Iudaei
1095 1722 1164 1744 cum
1188 1715 1333 1754 gentibus

1006 1761 1145 1799 gaudent
1168 1762 1314 1802 adorare,

959 1807 1041 1846 Quos
1065 1807 1099 1837 in
1125 1815 1218 1839 cruce
1243 1809 1359 1842 veritas

1005 1853 1105 1885 voluit
1129 1862 1253 1896 vocare,

960 1899 1021 1930 Per
1044 1900 1294 1934 misericordiam

1007 1947 1084 1977 velit
1108 1946 1303 1985 confirmare,

959 2021 1062 2063 Salve,
1089 2030 1176 2062 crux,
1203 2033 1283 2063 quae
1306 2026 1416 2065 lapide

1007 2067 1131 2100 Christo
1157 2071 1301 2111 angulari

959 2115 1109 2147 Diversos
1134 2118 1275 2155 parietes

1003 2160 1068 2194 fide
1091 2163 1193 2203 iungis
1217 2167 1298 2206 pari,

958 2208 1056 2248 Lapis
1080 2219 1115 2242 se
1139 2216 1313 2250 spontanee

1004 2265 1116 2295 passus
1140 2260 1308 2299 reprobari

958 2303 1024 2335 Nos
1050 2306 1179 2337 caelesti
1202 2308 1326 2341 inserat

1003 2351 1126 2392 lapides
1152 2354 1257 2389 altari.
