<?xml version="1.0" encoding="UTF-8"?>
<!DOCTYPE html PUBLIC "-//W3C//DTD XHTML 1.0 Transitional//EN"
    "http://www.w3.org/TR/xhtml1/DTD/xhtml1-transitional.dtd">
<html xmlns="http://www.w3.org/1999/xhtml" xml:lang="en" lang="en">
 <head>
  <title>
</title>
<meta http-equiv="Content-Type" content="text/html;charset=utf-8" />
  <meta name='ocr-system' content='tesseract 3.04.00' />
  <meta name='ocr-capabilities' content='ocr_page ocr_carea ocr_par ocr_line ocrx_word'/>
</head>
<body>
  <div class='ocr_page' id='page_1' title='image "./analectahymnica35drevuoft_00066.png"; bbox 0 0 1650 2612; ppageno 0'>
   <div class='ocr_carea' id='block_1_1' title="bbox 671 114 899 149">
    <p class='ocr_par' dir='ltr' id='par_1_1' title="bbox 671 114 899 149">
     <span class='ocr_line' id='line_1_1' title="bbox 671 114 899 149; baseline 0 -10"><span class='ocrx_word' id='word_1_1' title='bbox 671 114 899 149; x_wconf 66' lang='lat'>-63-</span> 
     </span>
    </p>
   </div>
   <div class='ocr_carea' id='block_1_2' title="bbox 152 206 574 247">
    <p class='ocr_par' dir='ltr' id='par_1_2' title="bbox 152 206 574 247">
     <span class='ocr_line' id='line_1_2' title="bbox 152 206 574 247; baseline 0.005 -10"><span class='ocrx_word' id='word_1_2' title='bbox 152 206 208 238; x_wconf 82' lang='lat'>39.</span> <span class='ocrx_word' id='word_1_3' title='bbox 234 206 316 244; x_wconf 89' lang='lat' dir='ltr'>Ave,</span> <span class='ocrx_word' id='word_1_4' title='bbox 344 206 438 238; x_wconf 81' lang='lat' dir='ltr'>beata.</span> <span class='ocrx_word' id='word_1_5' title='bbox 462 208 574 247; x_wconf 82' lang='lat' dir='ltr'>pietaS,</span> 
     </span>
    </p>
   </div>
   <div class='ocr_carea' id='block_1_3' title="bbox 146 506 202 537">
    <p class='ocr_par' dir='ltr' id='par_1_3' title="bbox 146 506 202 537">
     <span class='ocr_line' id='line_1_3' title="bbox 146 506 202 537; baseline -0.018 0"><span class='ocrx_word' id='word_1_6' title='bbox 146 506 202 537; x_wconf 87' lang='lat'>40.</span> 
     </span>
    </p>
   </div>
   <div class='ocr_carea' id='block_1_4' title="bbox 148 805 204 839">
    <p class='ocr_par' dir='ltr' id='par_1_4' title="bbox 148 805 204 839">
     <span class='ocr_line' id='line_1_4' title="bbox 148 805 204 839; baseline 0 0"><span class='ocrx_word' id='word_1_7' title='bbox 148 805 204 839; x_wconf 91' lang='lat'>41.</span> 
     </span>
    </p>
   </div>
   <div class='ocr_carea' id='block_1_5' title="bbox 146 1108 202 1139">
    <p class='ocr_par' dir='ltr' id='par_1_5' title="bbox 146 1108 202 1139">
     <span class='ocr_line' id='line_1_5' title="bbox 146 1108 202 1139; baseline 0 0"><span class='ocrx_word' id='word_1_8' title='bbox 146 1108 202 1139; x_wconf 87' lang='lat'>42.</span> 
     </span>
    </p>
   </div>
   <div class='ocr_carea' id='block_1_6' title="bbox 148 1410 204 1442">
    <p class='ocr_par' dir='ltr' id='par_1_6' title="bbox 148 1410 204 1442">
     <span class='ocr_line' id='line_1_6' title="bbox 148 1410 204 1442; baseline 0.018 -1"><span class='ocrx_word' id='word_1_9' title='bbox 148 1410 204 1442; x_wconf 82' lang='lat'>43.</span> 
     </span>
    </p>
   </div>
   <div class='ocr_carea' id='block_1_7' title="bbox 148 1714 204 1746">
    <p class='ocr_par' dir='ltr' id='par_1_7' title="bbox 148 1714 204 1746">
     <span class='ocr_line' id='line_1_7' title="bbox 148 1714 204 1746; baseline 0.018 -1"><span class='ocrx_word' id='word_1_10' title='bbox 148 1714 204 1746; x_wconf 85' lang='lat'>44.</span> 
     </span>
    </p>
   </div>
   <div class='ocr_carea' id='block_1_8' title="bbox 230 253 701 482">
    <p class='ocr_par' dir='ltr' id='par_1_8' title="bbox 231 253 701 342">
     <span class='ocr_line' id='line_1_8' title="bbox 231 253 701 294; baseline 0.009 -11"><span class='ocrx_word' id='word_1_11' title='bbox 231 253 412 285; x_wconf 83' lang='lat' dir='ltr'><strong>Adversum</strong></span> <span class='ocrx_word' id='word_1_12' title='bbox 438 262 530 292; x_wconf 83' lang='lat' dir='ltr'>quem</span> <span class='ocrx_word' id='word_1_13' title='bbox 554 254 701 294; x_wconf 72' lang='lat' dir='ltr'>impietas</span> 
     </span>
     <span class='ocr_line' id='line_1_9' title="bbox 278 298 664 342; baseline 0.008 -12"><span class='ocrx_word' id='word_1_14' title='bbox 278 298 431 338; x_wconf 82' lang='lat' dir='ltr'>Linguam</span> <span class='ocrx_word' id='word_1_15' title='bbox 458 309 545 332; x_wconf 88' lang='lat' dir='ltr'>suam</span> <span class='ocrx_word' id='word_1_16' title='bbox 571 303 664 342; x_wconf 87' lang='lat' dir='ltr'>acuit,</span> 
     </span>
    </p>

    <p class='ocr_par' dir='ltr' id='par_1_9' title="bbox 231 345 598 386">
     <span class='ocr_line' id='line_1_10' title="bbox 231 345 598 386; baseline 0.005 -9"><span class='ocrx_word' id='word_1_17' title='bbox 231 345 319 377; x_wconf 84' lang='lat' dir='ltr'>Erue</span> <span class='ocrx_word' id='word_1_18' title='bbox 343 355 394 377; x_wconf 91' lang='lat' dir='ltr'>me</span> <span class='ocrx_word' id='word_1_19' title='bbox 419 346 458 378; x_wconf 92' lang='lat' dir='ltr'>de</span> <span class='ocrx_word' id='word_1_20' title='bbox 483 348 598 386; x_wconf 89' lang='lat' dir='ltr'>pedica</span> 
     </span>
    </p>

    <p class='ocr_par' dir='ltr' id='par_1_10' title="bbox 230 392 701 482">
     <span class='ocr_line' id='line_1_11' title="bbox 230 392 606 435; baseline 0.008 -12"><span class='ocrx_word' id='word_1_21' title='bbox 230 392 443 431; x_wconf 85' lang='lat' dir='ltr'>Malignorum</span> <span class='ocrx_word' id='word_1_22' title='bbox 468 394 606 435; x_wconf 82' lang='lat' dir='ltr'>inimica,</span> 
     </span>
     <span class='ocr_line' id='line_1_12' title="bbox 280 439 701 482; baseline 0.005 -13"><span class='ocrx_word' id='word_1_23' title='bbox 280 440 366 478; x_wconf 81' lang='lat' dir='ltr'>Quae</span> <span class='ocrx_word' id='word_1_24' title='bbox 391 439 478 472; x_wconf 83' lang='lat' dir='ltr'>fraus</span> <span class='ocrx_word' id='word_1_25' title='bbox 499 442 561 472; x_wconf 86' lang='lat' dir='ltr'>tuis</span> <span class='ocrx_word' id='word_1_26' title='bbox 586 441 701 482; x_wconf 78' lang='lat' dir='ltr'>posuit.</span> 
     </span>
    </p>
   </div>
   <div class='ocr_carea' id='block_1_9' title="bbox 229 503 652 779">
    <p class='ocr_par' dir='ltr' id='par_1_11' title="bbox 229 503 652 779">
     <span class='ocr_line' id='line_1_13' title="bbox 229 503 591 549; baseline 0.008 -14"><span class='ocrx_word' id='word_1_27' title='bbox 229 503 310 543; x_wconf 80' lang='lat' dir='ltr'>Ave,</span> <span class='ocrx_word' id='word_1_28' title='bbox 336 506 422 537; x_wconf 90' lang='lat' dir='ltr'>salus</span> <span class='ocrx_word' id='word_1_29' title='bbox 447 506 591 549; x_wconf 84' lang='lat' dir='ltr'>pacifica,</span> 
     </span>
     <span class='ocr_line' id='line_1_14' title="bbox 234 552 624 593; baseline 0.008 -11"><span class='ocrx_word' id='word_1_30' title='bbox 234 552 330 592; x_wconf 90' lang='lat' dir='ltr'>Virga</span> <span class='ocrx_word' id='word_1_31' title='bbox 354 552 449 593; x_wconf 82' lang='lat' dir='ltr'>mitis,</span> <span class='ocrx_word' id='word_1_32' title='bbox 477 553 624 586; x_wconf 87' lang='lat' dir='ltr'>thurifica</span> 
     </span>
     <span class='ocr_line' id='line_1_15' title="bbox 278 599 643 641; baseline 0.003 -10"><span class='ocrx_word' id='word_1_33' title='bbox 278 599 499 631; x_wconf 85' lang='lat' dir='ltr'>Pertransiens</span> <span class='ocrx_word' id='word_1_34' title='bbox 529 602 643 641; x_wconf 87' lang='lat' dir='ltr'>omnia,</span> 
     </span>
     <span class='ocr_line' id='line_1_16' title="bbox 231 646 589 679; baseline -0.003 -1"><span class='ocrx_word' id='word_1_35' title='bbox 231 646 339 678; x_wconf 85' lang='lat' dir='ltr'>Odore</span> <span class='ocrx_word' id='word_1_36' title='bbox 365 647 451 678; x_wconf 87' lang='lat' dir='ltr'>euius</span> <span class='ocrx_word' id='word_1_37' title='bbox 471 647 589 679; x_wconf 83' lang='lat' dir='ltr'>mortui</span> 
     </span>
     <span class='ocr_line' id='line_1_17' title="bbox 229 692 623 725; baseline 0 -1"><span class='ocrx_word' id='word_1_38' title='bbox 229 692 435 725; x_wconf 89' lang='lat' dir='ltr'>Reviviscunt</span> <span class='ocrx_word' id='word_1_39' title='bbox 464 696 495 724; x_wconf 90' lang='lat' dir='ltr'>et</span> <span class='ocrx_word' id='word_1_40' title='bbox 518 695 551 725; x_wconf 88' lang='lat' dir='ltr'>in</span> <span class='ocrx_word' id='word_1_41' title='bbox 579 695 623 725; x_wconf 83' lang='lat' dir='ltr'>tui</span> 
     </span>
     <span class='ocr_line' id='line_1_18' title="bbox 274 740 652 779; baseline 0.003 -9"><span class='ocrx_word' id='word_1_42' title='bbox 274 740 439 771; x_wconf 86' lang='lat' dir='ltr'>Assistunt</span> <span class='ocrx_word' id='word_1_43' title='bbox 462 741 652 779; x_wconf 85' lang='lat' dir='ltr'>praesentia.</span> 
     </span>
    </p>
   </div>
   <div class='ocr_carea' id='block_1_10' title="bbox 230 804 693 1081">
    <p class='ocr_par' dir='ltr' id='par_1_12' title="bbox 230 804 575 847">
     <span class='ocr_line' id='line_1_19' title="bbox 230 804 575 847; baseline 0.003 -10"><span class='ocrx_word' id='word_1_44' title='bbox 230 806 313 847; x_wconf 88' lang='lat' dir='ltr'>Ave,</span> <span class='ocrx_word' id='word_1_45' title='bbox 332 804 436 838; x_wconf 87' lang='lat' dir='ltr'>fidelis</span> <span class='ocrx_word' id='word_1_46' title='bbox 460 807 575 847; x_wconf 83' lang='lat' dir='ltr'>portio,</span> 
     </span>
    </p>

    <p class='ocr_par' dir='ltr' id='par_1_13' title="bbox 230 852 666 940">
     <span class='ocr_line' id='line_1_20' title="bbox 230 852 666 894; baseline 0 -10"><span class='ocrx_word' id='word_1_47' title='bbox 230 852 379 884; x_wconf 81' lang='lat' dir='ltr'>Defende</span> <span class='ocrx_word' id='word_1_48' title='bbox 403 862 460 885; x_wconf 90' lang='lat' dir='ltr'>nos</span> <span class='ocrx_word' id='word_1_49' title='bbox 486 854 518 884; x_wconf 92' lang='lat' dir='ltr'>in</span> <span class='ocrx_word' id='word_1_50' title='bbox 544 853 666 894; x_wconf 89' lang='lat' dir='ltr'>proelio</span> 
     </span>
     <span class='ocr_line' id='line_1_21' title="bbox 277 900 581 940; baseline 0 -9"><span class='ocrx_word' id='word_1_51' title='bbox 277 900 392 932; x_wconf 86' lang='lat' dir='ltr'>Futuri</span> <span class='ocrx_word' id='word_1_52' title='bbox 418 901 581 940; x_wconf 82' lang='lat' dir='ltr'>examinis,</span> 
     </span>
    </p>

    <p class='ocr_par' dir='ltr' id='par_1_14' title="bbox 233 947 617 988">
     <span class='ocr_line' id='line_1_22' title="bbox 233 947 617 988; baseline 0 -10"><span class='ocrx_word' id='word_1_53' title='bbox 233 947 282 978; x_wconf 89' lang='lat' dir='ltr'>Ne</span> <span class='ocrx_word' id='word_1_54' title='bbox 306 951 439 988; x_wconf 84' lang='lat' dir='ltr'>peccata</span> <span class='ocrx_word' id='word_1_55' title='bbox 464 947 617 987; x_wconf 84' lang='lat' dir='ltr'>respicias</span> 
     </span>
    </p>

    <p class='ocr_par' dir='ltr' id='par_1_15' title="bbox 232 994 693 1081">
     <span class='ocr_line' id='line_1_23' title="bbox 232 994 664 1034; baseline -0.002 -8"><span class='ocrx_word' id='word_1_56' title='bbox 232 995 292 1026; x_wconf 86' lang='lat' dir='ltr'>Vel</span> <span class='ocrx_word' id='word_1_57' title='bbox 316 994 419 1026; x_wconf 80' lang='lat' dir='ltr'>laesas</span> <span class='ocrx_word' id='word_1_58' title='bbox 445 995 664 1034; x_wconf 87' lang='lat' dir='ltr'>conscientias,</span> 
     </span>
     <span class='ocr_line' id='line_1_24' title="bbox 278 1041 693 1081; baseline 0 -8"><span class='ocrx_word' id='word_1_59' title='bbox 278 1042 335 1081; x_wconf 83' lang='lat' dir='ltr'>Qui</span> <span class='ocrx_word' id='word_1_60' title='bbox 361 1045 466 1073; x_wconf 90' lang='lat' dir='ltr'>rector</span> <span class='ocrx_word' id='word_1_61' title='bbox 490 1050 523 1072; x_wconf 89' lang='lat' dir='ltr'>es</span> <span class='ocrx_word' id='word_1_62' title='bbox 548 1041 693 1074; x_wconf 80' lang='lat' dir='ltr'>hominiS.</span> 
     </span>
    </p>
   </div>
   <div class='ocr_carea' id='block_1_11' title="bbox 228 1107 755 1383">
    <p class='ocr_par' dir='ltr' id='par_1_16' title="bbox 228 1107 560 1150">
     <span class='ocr_line' id='line_1_25' title="bbox 228 1107 560 1150; baseline -0.003 -11"><span class='ocrx_word' id='word_1_63' title='bbox 228 1108 309 1147; x_wconf 85' lang='lat' dir='ltr'>Ave,</span> <span class='ocrx_word' id='word_1_64' title='bbox 338 1107 389 1139; x_wconf 90' lang='lat' dir='ltr'>via</span> <span class='ocrx_word' id='word_1_65' title='bbox 412 1107 560 1150; x_wconf 80' lang='lat' dir='ltr'>gloriosa,</span> 
     </span>
    </p>

    <p class='ocr_par' dir='ltr' id='par_1_17' title="bbox 230 1153 681 1241">
     <span class='ocr_line' id='line_1_26' title="bbox 230 1153 681 1194; baseline -0.002 -8"><span class='ocrx_word' id='word_1_66' title='bbox 230 1155 329 1193; x_wconf 77' lang='lat' dir='ltr'>Quam</span> <span class='ocrx_word' id='word_1_67' title='bbox 357 1154 494 1194; x_wconf 75' lang='lat' dir='ltr'>despicit</span> <span class='ocrx_word' id='word_1_68' title='bbox 518 1153 681 1186; x_wconf 87' lang='lat' dir='ltr'>frontuosa</span> 
     </span>
     <span class='ocr_line' id='line_1_27' title="bbox 277 1201 661 1241; baseline -0.005 -8"><span class='ocrx_word' id='word_1_69' title='bbox 277 1201 386 1234; x_wconf 89' lang='lat' dir='ltr'>Turba</span> <span class='ocrx_word' id='word_1_70' title='bbox 410 1201 661 1241; x_wconf 74' lang='lat' dir='ltr'>malignantium,</span> 
     </span>
    </p>

    <p class='ocr_par' dir='ltr' id='par_1_18' title="bbox 230 1248 724 1289">
     <span class='ocr_line' id='line_1_28' title="bbox 230 1248 724 1289; baseline -0.006 -8"><span class='ocrx_word' id='word_1_71' title='bbox 230 1250 360 1289; x_wconf 86' lang='lat' dir='ltr'>Precor,</span> <span class='ocrx_word' id='word_1_72' title='bbox 386 1253 423 1281; x_wconf 90' lang='lat' dir='ltr'>ut</span> <span class='ocrx_word' id='word_1_73' title='bbox 447 1248 595 1288; x_wconf 84' lang='lat' dir='ltr'>spiritum</span> <span class='ocrx_word' id='word_1_74' title='bbox 620 1256 724 1279; x_wconf 85' lang='lat' dir='ltr'>meum</span> 
     </span>
    </p>

    <p class='ocr_par' dir='ltr' id='par_1_19' title="bbox 228 1296 755 1383">
     <span class='ocr_line' id='line_1_29' title="bbox 228 1296 755 1335; baseline -0.004 -8"><span class='ocrx_word' id='word_1_75' title='bbox 228 1296 335 1327; x_wconf 87' lang='lat' dir='ltr'>Ducas</span> <span class='ocrx_word' id='word_1_76' title='bbox 360 1304 419 1335; x_wconf 92' lang='lat' dir='ltr'>per</span> <span class='ocrx_word' id='word_1_77' title='bbox 444 1296 591 1335; x_wconf 83' lang='lat' dir='ltr'>spiritum</span> <span class='ocrx_word' id='word_1_78' title='bbox 612 1298 755 1327; x_wconf 88' lang='lat' dir='ltr'>sanctum</span> 
     </span>
     <span class='ocr_line' id='line_1_30' title="bbox 275 1341 634 1383; baseline 0 -8"><span class='ocrx_word' id='word_1_79' title='bbox 275 1343 329 1376; x_wconf 87' lang='lat' dir='ltr'>Ad</span> <span class='ocrx_word' id='word_1_80' title='bbox 356 1344 435 1374; x_wconf 83' lang='lat' dir='ltr'>caeli</span> <span class='ocrx_word' id='word_1_81' title='bbox 460 1341 634 1383; x_wconf 84' lang='lat' dir='ltr'>fastigium.</span> 
     </span>
    </p>
   </div>
   <div class='ocr_carea' id='block_1_12' title="bbox 230 1409 688 1677">
    <p class='ocr_par' dir='ltr' id='par_1_20' title="bbox 230 1409 688 1677">
     <span class='ocr_line' id='line_1_31' title="bbox 231 1409 546 1450; baseline -0.003 -9"><span class='ocrx_word' id='word_1_82' title='bbox 231 1410 311 1450; x_wconf 86' lang='lat' dir='ltr'>Ave,</span> <span class='ocrx_word' id='word_1_83' title='bbox 339 1410 426 1441; x_wconf 89' lang='lat' dir='ltr'>cuius</span> <span class='ocrx_word' id='word_1_84' title='bbox 454 1409 546 1448; x_wconf 79' lang='lat' dir='ltr'>digiti</span> 
     </span>
     <span class='ocr_line' id='line_1_32' title="bbox 231 1456 581 1495; baseline -0.003 -8"><span class='ocrx_word' id='word_1_85' title='bbox 231 1456 408 1489; x_wconf 86' lang='lat' dir='ltr'>Potestates</span> <span class='ocrx_word' id='word_1_86' title='bbox 435 1456 581 1495; x_wconf 89' lang='lat' dir='ltr'>dispositi</span> 
     </span>
     <span class='ocr_line' id='line_1_33' title="bbox 275 1503 592 1543; baseline -0.006 -7"><span class='ocrx_word' id='word_1_87' title='bbox 275 1503 447 1536; x_wconf 88' lang='lat' dir='ltr'>Debellant</span> <span class='ocrx_word' id='word_1_88' title='bbox 472 1512 592 1543; x_wconf 81' lang='lat' dir='ltr'>aereaS,</span> 
     </span>
     <span class='ocr_line' id='line_1_34' title="bbox 230 1551 688 1590; baseline -0.004 -7"><span class='ocrx_word' id='word_1_89' title='bbox 230 1551 339 1583; x_wconf 89' lang='lat' dir='ltr'>Subde</span> <span class='ocrx_word' id='word_1_90' title='bbox 363 1551 455 1583; x_wconf 85' lang='lat' dir='ltr'>nobis</span> <span class='ocrx_word' id='word_1_91' title='bbox 480 1551 688 1590; x_wconf 82' lang='lat' dir='ltr'>malignantes</span> 
     </span>
     <span class='ocr_line' id='line_1_35' title="bbox 231 1598 676 1638; baseline -0.002 -9"><span class='ocrx_word' id='word_1_92' title='bbox 231 1599 337 1638; x_wconf 81' lang='lat' dir='ltr'>Atque</span> <span class='ocrx_word' id='word_1_93' title='bbox 359 1600 430 1630; x_wconf 87' lang='lat' dir='ltr'>tuos</span> <span class='ocrx_word' id='word_1_94' title='bbox 455 1598 676 1638; x_wconf 81' lang='lat' dir='ltr'>impugnantes</span> 
     </span>
     <span class='ocr_line' id='line_1_36' title="bbox 278 1644 640 1677; baseline 0 0"><span class='ocrx_word' id='word_1_95' title='bbox 278 1645 402 1677; x_wconf 87' lang='lat' dir='ltr'>Turbas</span> <span class='ocrx_word' id='word_1_96' title='bbox 428 1644 640 1677; x_wconf 73' lang='lat' dir='ltr'>adversarias</span> 
     </span>
    </p>
   </div>
   <div class='ocr_carea' id='block_1_13' title="bbox 230 1710 686 1934">
    <p class='ocr_par' dir='ltr' id='par_1_21' title="bbox 230 1710 616 1755">
     <span class='ocr_line' id='line_1_37' title="bbox 230 1710 616 1755; baseline -0.008 -11"><span class='ocrx_word' id='word_1_97' title='bbox 230 1712 311 1755; x_wconf 86' lang='lat' dir='ltr'>Ave,</span> <span class='ocrx_word' id='word_1_98' title='bbox 337 1712 423 1743; x_wconf 89' lang='lat' dir='ltr'>mitis</span> <span class='ocrx_word' id='word_1_99' title='bbox 446 1710 616 1750; x_wconf 88' lang='lat' dir='ltr'>universis,</span> 
     </span>
    </p>

    <p class='ocr_par' dir='ltr' id='par_1_22' title="bbox 232 1757 686 1847">
     <span class='ocr_line' id='line_1_38' title="bbox 232 1757 626 1792; baseline -0.008 0"><span class='ocrx_word' id='word_1_100' title='bbox 232 1759 275 1792; x_wconf 90' lang='lat' dir='ltr'>Ut</span> <span class='ocrx_word' id='word_1_101' title='bbox 299 1759 409 1792; x_wconf 88' lang='lat' dir='ltr'>amicis</span> <span class='ocrx_word' id='word_1_102' title='bbox 435 1759 482 1791; x_wconf 88' lang='lat' dir='ltr'>sic</span> <span class='ocrx_word' id='word_1_103' title='bbox 506 1757 626 1790; x_wconf 88' lang='lat' dir='ltr'>aversis</span> 
     </span>
     <span class='ocr_line' id='line_1_39' title="bbox 279 1805 686 1847; baseline -0.007 -9"><span class='ocrx_word' id='word_1_104' title='bbox 279 1807 424 1847; x_wconf 82' lang='lat' dir='ltr'>spondes</span> <span class='ocrx_word' id='word_1_105' title='bbox 446 1805 686 1846; x_wconf 85' lang='lat' dir='ltr'>indulgentiam,</span> 
     </span>
    </p>

    <p class='ocr_par' dir='ltr' id='par_1_23' title="bbox 232 1853 660 1893">
     <span class='ocr_line' id='line_1_40' title="bbox 232 1853 660 1893; baseline -0.012 -5"><span class='ocrx_word' id='word_1_106' title='bbox 232 1855 282 1888; x_wconf 81' lang='lat' dir='ltr'>Ex</span> <span class='ocrx_word' id='word_1_107' title='bbox 309 1854 406 1886; x_wconf 86' lang='lat' dir='ltr'>eorde</span> <span class='ocrx_word' id='word_1_108' title='bbox 430 1854 457 1886; x_wconf 90' lang='lat' dir='ltr'>si</span> <span class='ocrx_word' id='word_1_109' title='bbox 474 1853 660 1893; x_wconf 86' lang='lat' dir='ltr'>paeniteant</span> 
     </span>
    </p>

    <p class='ocr_par' dir='ltr' id='par_1_24' title="bbox 231 1900 641 1934">
     <span class='ocr_line' id='line_1_41' title="bbox 231 1900 641 1934; baseline -0.007 0"><span class='ocrx_word' id='word_1_110' title='bbox 231 1902 276 1934; x_wconf 89' lang='lat' dir='ltr'>Et</span> <span class='ocrx_word' id='word_1_111' title='bbox 300 1912 319 1934; x_wconf 88' lang='lat' dir='ltr'>a</span> <span class='ocrx_word' id='word_1_112' title='bbox 344 1902 435 1933; x_wconf 90' lang='lat' dir='ltr'>malis</span> <span class='ocrx_word' id='word_1_113' title='bbox 459 1900 641 1932; x_wconf 85' lang='lat' dir='ltr'>abstineant</span> 
     </span>
    </p>
   </div>
   <div class='ocr_carea' id='block_1_14' title="bbox 827 211 881 242">
    <p class='ocr_par' dir='ltr' id='par_1_25' title="bbox 827 211 881 242">
     <span class='ocr_line' id='line_1_42' title="bbox 827 211 881 242; baseline -0.019 0"><span class='ocrx_word' id='word_1_114' title='bbox 827 211 881 242; x_wconf 88' lang='lat'>45.</span> 
     </span>
    </p>
   </div>
   <div class='ocr_carea' id='block_1_15' title="bbox 825 511 881 542">
    <p class='ocr_par' dir='ltr' id='par_1_26' title="bbox 825 511 881 542">
     <span class='ocr_line' id='line_1_43' title="bbox 825 511 881 542; baseline -0.018 0"><span class='ocrx_word' id='word_1_115' title='bbox 825 511 881 542; x_wconf 83' lang='lat'>46.</span> 
     </span>
    </p>
   </div>
   <div class='ocr_carea' id='block_1_16' title="bbox 827 810 881 841">
    <p class='ocr_par' dir='ltr' id='par_1_27' title="bbox 827 810 881 841">
     <span class='ocr_line' id='line_1_44' title="bbox 827 810 881 841; baseline -0.019 0"><span class='ocrx_word' id='word_1_116' title='bbox 827 810 881 841; x_wconf 89' lang='lat'>47.</span> 
     </span>
    </p>
   </div>
   <div class='ocr_carea' id='block_1_17' title="bbox 828 1111 881 1142">
    <p class='ocr_par' dir='ltr' id='par_1_28' title="bbox 828 1111 881 1142">
     <span class='ocr_line' id='line_1_45' title="bbox 828 1111 881 1142; baseline -0.019 0"><span class='ocrx_word' id='word_1_117' title='bbox 828 1111 881 1142; x_wconf 88' lang='lat'>48.</span> 
     </span>
    </p>
   </div>
   <div class='ocr_carea' id='block_1_18' title="bbox 827 1412 881 1443">
    <p class='ocr_par' dir='ltr' id='par_1_29' title="bbox 827 1412 881 1443">
     <span class='ocr_line' id='line_1_46' title="bbox 827 1412 881 1443; baseline 0.019 -1"><span class='ocrx_word' id='word_1_118' title='bbox 827 1412 881 1443; x_wconf 87' lang='lat'>49.</span> 
     </span>
    </p>
   </div>
   <div class='ocr_carea' id='block_1_19' title="bbox 830 1714 884 1745">
    <p class='ocr_par' dir='ltr' id='par_1_30' title="bbox 830 1714 884 1745">
     <span class='ocr_line' id='line_1_47' title="bbox 830 1714 884 1745; baseline -0.019 0"><span class='ocrx_word' id='word_1_119' title='bbox 830 1714 884 1745; x_wconf 88' lang='lat'>50.</span> 
     </span>
    </p>
   </div>
   <div class='ocr_carea' id='block_1_20' title="bbox 906 207 1377 484">
    <p class='ocr_par' dir='ltr' id='par_1_31' title="bbox 906 207 1377 484">
     <span class='ocr_line' id='line_1_48' title="bbox 907 207 1316 250; baseline -0.007 -9"><span class='ocrx_word' id='word_1_120' title='bbox 907 209 987 250; x_wconf 82' lang='lat' dir='ltr'>Ave,</span> <span class='ocrx_word' id='word_1_121' title='bbox 1015 208 1113 240; x_wconf 90' lang='lat' dir='ltr'>clavis</span> <span class='ocrx_word' id='word_1_122' title='bbox 1138 207 1316 246; x_wconf 86' lang='lat' dir='ltr'>carceralis,</span> 
     </span>
     <span class='ocr_line' id='line_1_49' title="bbox 906 254 1348 297; baseline -0.007 -10"><span class='ocrx_word' id='word_1_123' title='bbox 906 256 1025 288; x_wconf 89' lang='lat' dir='ltr'>Libera</span> <span class='ocrx_word' id='word_1_124' title='bbox 1049 264 1115 297; x_wconf 91' lang='lat' dir='ltr'>nos,</span> <span class='ocrx_word' id='word_1_125' title='bbox 1142 263 1182 286; x_wconf 84' lang='lat' dir='ltr'>ne</span> <span class='ocrx_word' id='word_1_126' title='bbox 1206 254 1348 295; x_wconf 91' lang='lat' dir='ltr'>poenalis</span> 
     </span>
     <span class='ocr_line' id='line_1_50' title="bbox 955 301 1311 341; baseline -0.011 -6"><span class='ocrx_word' id='word_1_127' title='bbox 955 303 1107 335; x_wconf 83' lang='lat' dir='ltr'>Tartarus</span> <span class='ocrx_word' id='word_1_128' title='bbox 1132 301 1311 341; x_wconf 82' lang='lat' dir='ltr'>absorbeat,</span> 
     </span>
     <span class='ocr_line' id='line_1_51' title="bbox 910 349 1377 391; baseline -0.006 -10"><span class='ocrx_word' id='word_1_129' title='bbox 910 349 969 388; x_wconf 80' lang='lat' dir='ltr'>Qui</span> <span class='ocrx_word' id='word_1_130' title='bbox 992 349 1159 391; x_wconf 87' lang='lat' dir='ltr'>promittit,</span> <span class='ocrx_word' id='word_1_131' title='bbox 1185 351 1221 379; x_wconf 90' lang='lat' dir='ltr'>ut</span> <span class='ocrx_word' id='word_1_132' title='bbox 1245 350 1377 387; x_wconf 84' lang='lat' dir='ltr'>avertat,</span> 
     </span>
     <span class='ocr_line' id='line_1_52' title="bbox 908 396 1354 437; baseline -0.009 -8"><span class='ocrx_word' id='word_1_133' title='bbox 908 396 1099 437; x_wconf 81' lang='lat' dir='ltr'>1nsequitur,</span> <span class='ocrx_word' id='word_1_134' title='bbox 1124 398 1159 427; x_wconf 84' lang='lat' dir='ltr'>ut</span> <span class='ocrx_word' id='word_1_135' title='bbox 1182 397 1354 434; x_wconf 81' lang='lat' dir='ltr'>pervertat,</span> 
     </span>
     <span class='ocr_line' id='line_1_53' title="bbox 955 443 1300 484; baseline -0.003 -9"><span class='ocrx_word' id='word_1_136' title='bbox 955 443 1100 484; x_wconf 84' lang='lat' dir='ltr'>Instigat,</span> <span class='ocrx_word' id='word_1_137' title='bbox 1126 445 1162 474; x_wconf 87' lang='lat' dir='ltr'>ut</span> <span class='ocrx_word' id='word_1_138' title='bbox 1185 443 1300 474; x_wconf 89' lang='lat' dir='ltr'>teneat.</span> 
     </span>
    </p>
   </div>
   <div class='ocr_carea' id='block_1_21' title="bbox 908 508 1384 780">
    <p class='ocr_par' dir='ltr' id='par_1_32' title="bbox 908 508 1341 548">
     <span class='ocr_line' id='line_1_54' title="bbox 908 508 1341 548; baseline -0.007 -7"><span class='ocrx_word' id='word_1_139' title='bbox 908 509 987 547; x_wconf 88' lang='lat' dir='ltr'>Ave,</span> <span class='ocrx_word' id='word_1_140' title='bbox 1014 510 1096 548; x_wconf 87' lang='lat' dir='ltr'>Iesu,</span> <span class='ocrx_word' id='word_1_141' title='bbox 1121 508 1173 548; x_wconf 85' lang='lat' dir='ltr'>qui</span> <span class='ocrx_word' id='word_1_142' title='bbox 1196 515 1341 539; x_wconf 83' lang='lat' dir='ltr'>numeras</span> 
     </span>
    </p>

    <p class='ocr_par' dir='ltr' id='par_1_33' title="bbox 910 554 1337 641">
     <span class='ocr_line' id='line_1_55' title="bbox 910 554 1337 587; baseline -0.005 0"><span class='ocrx_word' id='word_1_143' title='bbox 910 554 1025 587; x_wconf 86' lang='lat' dir='ltr'>Stellas</span> <span class='ocrx_word' id='word_1_144' title='bbox 1050 556 1136 587; x_wconf 86' lang='lat' dir='ltr'>solus</span> <span class='ocrx_word' id='word_1_145' title='bbox 1158 555 1337 586; x_wconf 86' lang='lat' dir='ltr'>innumeras</span> 
     </span>
     <span class='ocr_line' id='line_1_56' title="bbox 957 602 1238 641; baseline -0.007 -7"><span class='ocrx_word' id='word_1_146' title='bbox 957 602 1075 634; x_wconf 89' lang='lat' dir='ltr'>Divina</span> <span class='ocrx_word' id='word_1_147' title='bbox 1095 602 1238 641; x_wconf 89' lang='lat' dir='ltr'>scientia,</span> 
     </span>
    </p>

    <p class='ocr_par' dir='ltr' id='par_1_34' title="bbox 909 647 1341 688">
     <span class='ocr_line' id='line_1_57' title="bbox 909 647 1341 688; baseline -0.005 -9"><span class='ocrx_word' id='word_1_148' title='bbox 909 648 1031 680; x_wconf 84' lang='lat' dir='ltr'>Harum</span> <span class='ocrx_word' id='word_1_149' title='bbox 1057 649 1142 679; x_wconf 84' lang='lat' dir='ltr'>solus</span> <span class='ocrx_word' id='word_1_150' title='bbox 1168 647 1341 688; x_wconf 71' lang='lat' dir='ltr'>cognovisti</span> 
     </span>
    </p>

    <p class='ocr_par' dir='ltr' id='par_1_35' title="bbox 911 692 1384 780">
     <span class='ocr_line' id='line_1_58' title="bbox 911 692 1384 736; baseline -0.004 -10"><span class='ocrx_word' id='word_1_151' title='bbox 911 694 1037 734; x_wconf 89' lang='lat' dir='ltr'>Cursus,</span> <span class='ocrx_word' id='word_1_152' title='bbox 1063 695 1142 736; x_wconf 85' lang='lat' dir='ltr'>loca,</span> <span class='ocrx_word' id='word_1_153' title='bbox 1168 703 1244 734; x_wconf 89' lang='lat' dir='ltr'>quas</span> <span class='ocrx_word' id='word_1_154' title='bbox 1270 692 1384 733; x_wconf 83' lang='lat' dir='ltr'>fecisti,</span> 
     </span>
     <span class='ocr_line' id='line_1_59' title="bbox 957 740 1331 780; baseline -0.003 -7"><span class='ocrx_word' id='word_1_155' title='bbox 957 741 1033 773; x_wconf 91' lang='lat' dir='ltr'>Cum</span> <span class='ocrx_word' id='word_1_156' title='bbox 1060 742 1160 780; x_wconf 87' lang='lat' dir='ltr'>patris</span> <span class='ocrx_word' id='word_1_157' title='bbox 1186 740 1331 772; x_wconf 86' lang='lat' dir='ltr'>essentia.</span> 
     </span>
    </p>
   </div>
   <div class='ocr_carea' id='block_1_22' title="bbox 908 807 1330 1075">
    <p class='ocr_par' dir='ltr' id='par_1_36' title="bbox 908 807 1330 1075">
     <span class='ocr_line' id='line_1_60' title="bbox 908 807 1293 846; baseline -0.005 -7"><span class='ocrx_word' id='word_1_158' title='bbox 908 807 988 846; x_wconf 89' lang='lat' dir='ltr'>Ave,</span> <span class='ocrx_word' id='word_1_159' title='bbox 1014 809 1107 846; x_wconf 83' lang='lat' dir='ltr'>porta</span> <span class='ocrx_word' id='word_1_160' title='bbox 1134 807 1293 844; x_wconf 88' lang='lat' dir='ltr'>deaurata,</span> 
     </span>
     <span class='ocr_line' id='line_1_61' title="bbox 910 853 1278 887; baseline -0.008 -1"><span class='ocrx_word' id='word_1_161' title='bbox 910 855 949 887; x_wconf 91' lang='lat' dir='ltr'>In</span> <span class='ocrx_word' id='word_1_162' title='bbox 974 854 1060 886; x_wconf 86' lang='lat' dir='ltr'>ascia</span> <span class='ocrx_word' id='word_1_163' title='bbox 1083 863 1146 885; x_wconf 91' lang='lat' dir='ltr'>non</span> <span class='ocrx_word' id='word_1_164' title='bbox 1170 853 1278 884; x_wconf 84' lang='lat' dir='ltr'>dolata</span> 
     </span>
     <span class='ocr_line' id='line_1_62' title="bbox 958 899 1296 938; baseline -0.006 -5"><span class='ocrx_word' id='word_1_165' title='bbox 958 901 1027 933; x_wconf 87' lang='lat' dir='ltr'>Nec</span> <span class='ocrx_word' id='word_1_166' title='bbox 1051 900 1110 933; x_wconf 86' lang='lat' dir='ltr'>lita</span> <span class='ocrx_word' id='word_1_167' title='bbox 1133 899 1296 938; x_wconf 86' lang='lat' dir='ltr'>bitumine,</span> 
     </span>
     <span class='ocr_line' id='line_1_63' title="bbox 910 947 1329 981; baseline -0.007 -1"><span class='ocrx_word' id='word_1_168' title='bbox 910 949 972 981; x_wconf 88' lang='lat' dir='ltr'>Per</span> <span class='ocrx_word' id='word_1_169' title='bbox 996 951 1028 980; x_wconf 86' lang='lat' dir='ltr'>te</span> <span class='ocrx_word' id='word_1_170' title='bbox 1054 948 1149 979; x_wconf 91' lang='lat' dir='ltr'>decus</span> <span class='ocrx_word' id='word_1_171' title='bbox 1175 947 1329 978; x_wconf 80' lang='lat' dir='ltr'>castitatis</span> 
     </span>
     <span class='ocr_line' id='line_1_64' title="bbox 910 994 1256 1035; baseline -0.006 -8"><span class='ocrx_word' id='word_1_172' title='bbox 910 995 1041 1027; x_wconf 84' lang='lat' dir='ltr'>Floreat</span> <span class='ocrx_word' id='word_1_173' title='bbox 1064 994 1256 1035; x_wconf 81' lang='lat' dir='ltr'>integritatis</span> 
     </span>
     <span class='ocr_line' id='line_1_65' title="bbox 957 1040 1330 1075; baseline 0.003 -1"><span class='ocrx_word' id='word_1_174' title='bbox 957 1043 1030 1074; x_wconf 87' lang='lat' dir='ltr'>Meo</span> <span class='ocrx_word' id='word_1_175' title='bbox 1055 1040 1113 1073; x_wconf 91' lang='lat' dir='ltr'>flos</span> <span class='ocrx_word' id='word_1_176' title='bbox 1137 1043 1168 1073; x_wconf 90' lang='lat' dir='ltr'>in</span> <span class='ocrx_word' id='word_1_177' title='bbox 1195 1041 1330 1075; x_wconf 86' lang='lat' dir='ltr'>homine.</span> 
     </span>
    </p>
   </div>
   <div class='ocr_carea' id='block_1_23' title="bbox 908 1106 1400 1375">
    <p class='ocr_par' dir='ltr' id='par_1_37' title="bbox 908 1106 1400 1375">
     <span class='ocr_line' id='line_1_66' title="bbox 908 1106 1365 1150; baseline -0.009 -9"><span class='ocrx_word' id='word_1_178' title='bbox 908 1108 989 1149; x_wconf 82' lang='lat' dir='ltr'>Ave,</span> <span class='ocrx_word' id='word_1_179' title='bbox 1015 1116 1080 1150; x_wconf 86' lang='lat' dir='ltr'>rex,</span> <span class='ocrx_word' id='word_1_180' title='bbox 1106 1108 1159 1147; x_wconf 82' lang='lat' dir='ltr'>qui</span> <span class='ocrx_word' id='word_1_181' title='bbox 1185 1106 1365 1138; x_wconf 73' lang='lat' dir='ltr'>caelestium</span> 
     </span>
     <span class='ocr_line' id='line_1_67' title="bbox 913 1155 1321 1187; baseline -0.002 -1"><span class='ocrx_word' id='word_1_182' title='bbox 913 1155 994 1186; x_wconf 85' lang='lat' dir='ltr'>Voce</span> <span class='ocrx_word' id='word_1_183' title='bbox 1018 1155 1159 1187; x_wconf 85' lang='lat' dir='ltr'>laudaris</span> <span class='ocrx_word' id='word_1_184' title='bbox 1185 1155 1321 1185; x_wconf 85' lang='lat' dir='ltr'>omnium</span> 
     </span>
     <span class='ocr_line' id='line_1_68' title="bbox 957 1200 1400 1240; baseline -0.007 -6"><span class='ocrx_word' id='word_1_185' title='bbox 957 1202 1025 1234; x_wconf 86' lang='lat' dir='ltr'>Nec</span> <span class='ocrx_word' id='word_1_186' title='bbox 1048 1210 1110 1233; x_wconf 90' lang='lat' dir='ltr'>non</span> <span class='ocrx_word' id='word_1_187' title='bbox 1137 1203 1168 1233; x_wconf 86' lang='lat' dir='ltr'>et</span> <span class='ocrx_word' id='word_1_188' title='bbox 1191 1200 1400 1240; x_wconf 87' lang='lat' dir='ltr'>terrestrium,</span> 
     </span>
     <span class='ocr_line' id='line_1_69' title="bbox 909 1247 1371 1287; baseline -0.006 -6"><span class='ocrx_word' id='word_1_189' title='bbox 909 1248 992 1282; x_wconf 82' lang='lat' dir='ltr'>Nam</span> <span class='ocrx_word' id='word_1_190' title='bbox 1018 1249 1163 1281; x_wconf 84' lang='lat' dir='ltr'>amovisti</span> <span class='ocrx_word' id='word_1_191' title='bbox 1188 1247 1371 1287; x_wconf 84' lang='lat' dir='ltr'>rompheam</span> 
     </span>
     <span class='ocr_line' id='line_1_70' title="bbox 909 1293 1360 1336; baseline -0.009 -7"><span class='ocrx_word' id='word_1_192' title='bbox 909 1297 938 1329; x_wconf 91' lang='lat' dir='ltr'>A</span> <span class='ocrx_word' id='word_1_193' title='bbox 963 1300 1056 1336; x_wconf 80' lang='lat' dir='ltr'>port-a</span> <span class='ocrx_word' id='word_1_194' title='bbox 1082 1296 1161 1327; x_wconf 91' lang='lat' dir='ltr'>caeli</span> <span class='ocrx_word' id='word_1_195' title='bbox 1185 1293 1360 1326; x_wconf 87' lang='lat' dir='ltr'>flammeam</span> 
     </span>
     <span class='ocr_line' id='line_1_71' title="bbox 955 1343 1325 1375; baseline -0.008 0"><span class='ocrx_word' id='word_1_196' title='bbox 955 1344 1088 1375; x_wconf 87' lang='lat' dir='ltr'>Mittens</span> <span class='ocrx_word' id='word_1_197' title='bbox 1112 1343 1145 1374; x_wconf 90' lang='lat' dir='ltr'>in</span> <span class='ocrx_word' id='word_1_198' title='bbox 1172 1343 1325 1374; x_wconf 87' lang='lat' dir='ltr'>exsilium.</span> 
     </span>
    </p>
   </div>
   <div class='ocr_carea' id='block_1_24' title="bbox 908 1409 1411 1684">
    <p class='ocr_par' dir='ltr' id='par_1_38' title="bbox 908 1409 1411 1450">
     <span class='ocr_line' id='line_1_72' title="bbox 908 1409 1411 1450; baseline -0.004 -8"><span class='ocrx_word' id='word_1_199' title='bbox 908 1410 987 1450; x_wconf 91' lang='lat' dir='ltr'>Ave,</span> <span class='ocrx_word' id='word_1_200' title='bbox 1014 1418 1103 1450; x_wconf 82' lang='lat' dir='ltr'>quem</span> <span class='ocrx_word' id='word_1_201' title='bbox 1131 1409 1268 1449; x_wconf 88' lang='lat' dir='ltr'>chordis,</span> <span class='ocrx_word' id='word_1_202' title='bbox 1295 1416 1411 1448; x_wconf 88' lang='lat' dir='ltr'>organo</span> 
     </span>
    </p>

    <p class='ocr_par' dir='ltr' id='par_1_39' title="bbox 909 1456 1382 1545">
     <span class='ocr_line' id='line_1_73' title="bbox 909 1456 1382 1495; baseline -0.006 -6"><span class='ocrx_word' id='word_1_203' title='bbox 909 1457 981 1490; x_wconf 87' lang='lat' dir='ltr'>Una</span> <span class='ocrx_word' id='word_1_204' title='bbox 1007 1456 1111 1489; x_wconf 91' lang='lat' dir='ltr'>cordis</span> <span class='ocrx_word' id='word_1_205' title='bbox 1138 1464 1206 1487; x_wconf 90' lang='lat' dir='ltr'>cum</span> <span class='ocrx_word' id='word_1_206' title='bbox 1232 1458 1382 1495; x_wconf 80' lang='lat' dir='ltr'>tympano</span> 
     </span>
     <span class='ocr_line' id='line_1_74' title="bbox 959 1503 1294 1545; baseline -0.006 -9"><span class='ocrx_word' id='word_1_207' title='bbox 959 1504 1125 1536; x_wconf 85' lang='lat' dir='ltr'>Collaudat</span> <span class='ocrx_word' id='word_1_208' title='bbox 1152 1503 1294 1545; x_wconf 84' lang='lat' dir='ltr'>ecclesia,</span> 
     </span>
    </p>

    <p class='ocr_par' dir='ltr' id='par_1_40' title="bbox 909 1550 1268 1584">
     <span class='ocr_line' id='line_1_75' title="bbox 909 1550 1268 1584; baseline -0.006 -1"><span class='ocrx_word' id='word_1_209' title='bbox 909 1551 978 1584; x_wconf 88' lang='lat' dir='ltr'>Tua</span> <span class='ocrx_word' id='word_1_210' title='bbox 1002 1551 1092 1583; x_wconf 91' lang='lat' dir='ltr'>nobis</span> <span class='ocrx_word' id='word_1_211' title='bbox 1117 1550 1268 1582; x_wconf 87' lang='lat' dir='ltr'>memoria</span> 
     </span>
    </p>

    <p class='ocr_par' dir='ltr' id='par_1_41' title="bbox 910 1596 1350 1684">
     <span class='ocr_line' id='line_1_76' title="bbox 910 1596 1350 1638; baseline -0.007 -7"><span class='ocrx_word' id='word_1_212' title='bbox 910 1599 959 1631; x_wconf 86' lang='lat' dir='ltr'>Sit</span> <span class='ocrx_word' id='word_1_213' title='bbox 984 1599 1024 1631; x_wconf 83' lang='lat' dir='ltr'>ad</span> <span class='ocrx_word' id='word_1_214' title='bbox 1051 1607 1202 1638; x_wconf 81' lang='lat' dir='ltr'>praesens</span> <span class='ocrx_word' id='word_1_215' title='bbox 1227 1596 1350 1629; x_wconf 81' lang='lat' dir='ltr'>laetitia.</span> 
     </span>
     <span class='ocr_line' id='line_1_77' title="bbox 957 1644 1343 1684; baseline -0.003 -7"><span class='ocrx_word' id='word_1_216' title='bbox 957 1646 1001 1677; x_wconf 91' lang='lat' dir='ltr'>Et</span> <span class='ocrx_word' id='word_1_217' title='bbox 1024 1654 1145 1677; x_wconf 86' lang='lat' dir='ltr'>merces</span> <span class='ocrx_word' id='word_1_218' title='bbox 1170 1645 1203 1676; x_wconf 89' lang='lat' dir='ltr'>in</span> <span class='ocrx_word' id='word_1_219' title='bbox 1228 1644 1343 1684; x_wconf 87' lang='lat' dir='ltr'>patria.</span> 
     </span>
    </p>
   </div>
   <div class='ocr_carea' id='block_1_25' title="bbox 909 1711 1360 1886">
    <p class='ocr_par' dir='ltr' id='par_1_42' title="bbox 909 1711 1360 1886">
     <span class='ocr_line' id='line_1_78' title="bbox 911 1711 1268 1755; baseline -0.006 -11"><span class='ocrx_word' id='word_1_220' title='bbox 911 1712 991 1755; x_wconf 92' lang='lat' dir='ltr'>Ave,</span> <span class='ocrx_word' id='word_1_221' title='bbox 1021 1711 1121 1744; x_wconf 85' lang='lat' dir='ltr'>virtus</span> <span class='ocrx_word' id='word_1_222' title='bbox 1144 1711 1268 1751; x_wconf 75' lang='lat' dir='ltr'>eximia,</span> 
     </span>
     <span class='ocr_line' id='line_1_79' title="bbox 913 1757 1360 1798; baseline -0.007 -7"><span class='ocrx_word' id='word_1_223' title='bbox 913 1758 1066 1792; x_wconf 86' lang='lat' dir='ltr'>Columna</span> <span class='ocrx_word' id='word_1_224' title='bbox 1090 1762 1220 1798; x_wconf 85' lang='lat' dir='ltr'>portans</span> <span class='ocrx_word' id='word_1_225' title='bbox 1246 1757 1360 1796; x_wconf 88' lang='lat' dir='ltr'>omnia,</span> 
     </span>
     <span class='ocr_line' id='line_1_80' title="bbox 960 1805 1300 1845; baseline -0.003 -7"><span class='ocrx_word' id='word_1_226' title='bbox 960 1806 1095 1845; x_wconf 88' lang='lat' dir='ltr'>Caelica,</span> <span class='ocrx_word' id='word_1_227' title='bbox 1122 1805 1300 1843; x_wconf 83' lang='lat' dir='ltr'>terrestria,</span> 
     </span>
     <span class='ocr_line' id='line_1_81' title="bbox 909 1853 1347 1886; baseline -0.009 0"><span class='ocrx_word' id='word_1_228' title='bbox 909 1853 1041 1886; x_wconf 69' lang='lat' dir='ltr'>[illustra</span> <span class='ocrx_word' id='word_1_229' title='bbox 1063 1855 1191 1885; x_wconf 85' lang='lat' dir='ltr'>nostras</span> <span class='ocrx_word' id='word_1_230' title='bbox 1218 1853 1347 1884; x_wconf 81' lang='lat' dir='ltr'>caelitus</span> 
     </span>
    </p>
   </div>
   <div class='ocr_carea' id='block_1_26' title="bbox 910 1899 1388 1943">
    <p class='ocr_par' dir='ltr' id='par_1_43' title="bbox 910 1899 1388 1943">
     <span class='ocr_line' id='line_1_82' title="bbox 910 1899 1388 1943; baseline -0.008 -10"><span class='ocrx_word' id='word_1_231' title='bbox 910 1900 1047 1943; x_wconf 79' lang='lat' dir='ltr'>Mentes,</span> <span class='ocrx_word' id='word_1_232' title='bbox 1072 1903 1109 1931; x_wconf 94' lang='lat' dir='ltr'>ut</span> <span class='ocrx_word' id='word_1_233' title='bbox 1132 1900 1232 1932; x_wconf 89' lang='lat' dir='ltr'>omnis</span> <span class='ocrx_word' id='word_1_234' title='bbox 1258 1899 1388 1939; x_wconf 90' lang='lat' dir='ltr'>spiritus</span> 
     </span>
    </p>
   </div>
   <div class='ocr_carea' id='block_1_27' title="bbox 276 1946 1381 1988">
    <p class='ocr_par' dir='ltr' id='par_1_44' title="bbox 276 1946 1381 1988">
     <span class='ocr_line' id='line_1_83' title="bbox 276 1946 1381 1988; baseline -0.004 -7"><span class='ocrx_word' id='word_1_235' title='bbox 276 1950 497 1988; x_wconf 82' lang='lat' dir='ltr'>Deprecantes</span> <span class='ocrx_word' id='word_1_236' title='bbox 523 1947 657 1980; x_wconf 88' lang='lat' dir='ltr'>veniam.</span> <span class='ocrx_word' id='word_1_237' title='bbox 958 1948 1004 1979; x_wconf 89' lang='lat' dir='ltr'>Te</span> <span class='ocrx_word' id='word_1_238' title='bbox 1028 1948 1139 1980; x_wconf 81' lang='lat' dir='ltr'>laudet</span> <span class='ocrx_word' id='word_1_239' title='bbox 1163 1955 1221 1987; x_wconf 91' lang='lat' dir='ltr'>per</span> <span class='ocrx_word' id='word_1_240' title='bbox 1246 1946 1381 1978; x_wconf 80' lang='lat' dir='ltr'>saecula.</span> 
     </span>
    </p>
   </div>
   <div class='ocr_carea' id='block_1_28' title="bbox 134 2019 1442 2366">
    <p class='ocr_par' dir='ltr' id='par_1_45' title="bbox 134 2019 1387 2092">
     <span class='ocr_line' id='line_1_84' title="bbox 211 2019 1387 2058; baseline -0.004 -6"><span class='ocrx_word' id='word_1_241' title='bbox 211 2025 290 2053; x_wconf 81' lang='lat' dir='ltr'>Orat.</span> <span class='ocrx_word' id='word_1_242' title='bbox 312 2033 363 2052; x_wconf 87' lang='lat' dir='ltr'>ms.</span> <span class='ocrx_word' id='word_1_243' title='bbox 387 2024 543 2052; x_wconf 84' lang='lat' dir='ltr'>Caelestin.</span> <span class='ocrx_word' id='word_1_244' title='bbox 564 2024 704 2051; x_wconf 87' lang='lat' dir='ltr'>Parisien.</span> <span class='ocrx_word' id='word_1_245' title='bbox 726 2031 801 2050; x_wconf 88' lang='lat' dir='ltr'>saec.</span> <span class='ocrx_word' id='word_1_246' title='bbox 821 2021 864 2050; x_wconf 90' lang='grc'>15.</span> <span class='ocrx_word' id='word_1_247' title='bbox 896 2023 964 2051; x_wconf 85' lang='lat' dir='ltr'>Cod.</span> <span class='ocrx_word' id='word_1_248' title='bbox 985 2024 1111 2051; x_wconf 84' lang='lat' dir='ltr'>Parisin.</span> <span class='ocrx_word' id='word_1_249' title='bbox 1131 2021 1254 2058; x_wconf 87' lang='lat' dir='ltr'>(Arsen.)</span> <span class='ocrx_word' id='word_1_250' title='bbox 1273 2019 1337 2049; x_wconf 84' lang='lat'>419.</span> <span class='ocrx_word' id='word_1_251' title='bbox 1353 2021 1387 2047; x_wconf 87' lang='lat' dir='ltr'>A.</span> 
     </span>
     <span class='ocr_line' id='line_1_85' title="bbox 134 2059 1220 2092; baseline -0.004 -1"><span class='ocrx_word' id='word_1_252' title='bbox 134 2064 214 2092; x_wconf 82' lang='lat' dir='ltr'>Orat.</span> <span class='ocrx_word' id='word_1_253' title='bbox 235 2072 289 2091; x_wconf 88' lang='lat' dir='ltr'>ms.</span> <span class='ocrx_word' id='word_1_254' title='bbox 313 2062 470 2091; x_wconf 77' lang='lat' dir='ltr'>Caelestin.</span> <span class='ocrx_word' id='word_1_255' title='bbox 512 2063 620 2090; x_wconf 87' lang='lat' dir='ltr'>Meten.</span> <span class='ocrx_word' id='word_1_256' title='bbox 643 2069 717 2089; x_wconf 84' lang='lat' dir='ltr'>saec.</span> <span class='ocrx_word' id='word_1_257' title='bbox 743 2060 784 2088; x_wconf 86' lang='lat'>15.</span> <span class='ocrx_word' id='word_1_258' title='bbox 826 2061 894 2089; x_wconf 85' lang='lat' dir='ltr'>Cod.</span> <span class='ocrx_word' id='word_1_259' title='bbox 915 2062 1022 2089; x_wconf 82' lang='lat' dir='ltr'>Meten.</span> <span class='ocrx_word' id='word_1_260' title='bbox 1044 2059 1108 2089; x_wconf 82' lang='lat'>571.</span> <span class='ocrx_word' id='word_1_261' title='bbox 1129 2062 1162 2088; x_wconf 93' lang='lat' dir='ltr'>B.</span> <span class='ocrx_word' id='word_1_262' title='bbox 1184 2076 1220 2079; x_wconf 97' lang='lat'><strong>—</strong></span> 
     </span>
    </p>

    <p class='ocr_par' dir='ltr' id='par_1_46' title="bbox 137 2096 1441 2168">
     <span class='ocr_line' id='line_1_86' title="bbox 210 2096 1441 2136; baseline -0.005 -7"><span class='ocrx_word' id='word_1_263' title='bbox 210 2098 232 2129; x_wconf 88' lang='lat' dir='ltr'>I.</span> <span class='ocrx_word' id='word_1_264' title='bbox 255 2099 301 2136; x_wconf 73' lang='lat'>16,</span> <span class='ocrx_word' id='word_1_265' title='bbox 314 2099 333 2129; x_wconf 80' lang='lat'>2</span> <span class='ocrx_word' id='word_1_266' title='bbox 352 2102 525 2129; x_wconf 82' lang='lat' dir='ltr'>caleuneum</span> <span class='ocrx_word' id='word_1_267' title='bbox 535 2101 568 2128; x_wconf 84' lang='lat' dir='ltr'>A.</span> <span class='ocrx_word' id='word_1_268' title='bbox 588 2115 625 2119; x_wconf 91' lang='lat'>—</span> <span class='ocrx_word' id='word_1_269' title='bbox 647 2098 691 2133; x_wconf 85' lang='grc'>16,</span> <span class='ocrx_word' id='word_1_270' title='bbox 709 2096 727 2126; x_wconf 79' lang='lat'><strong>3</strong></span> <span class='ocrx_word' id='word_1_271' title='bbox 748 2099 941 2127; x_wconf 74' lang='lat' dir='ltr'>Adversitatis</span> <span class='ocrx_word' id='word_1_272' title='bbox 955 2099 990 2126; x_wconf 89' lang='lat' dir='ltr'>A.</span> <span class='ocrx_word' id='word_1_273' title='bbox 1009 2115 1048 2119; x_wconf 96' lang='grc'>-</span> <span class='ocrx_word' id='word_1_274' title='bbox 1066 2097 1113 2132; x_wconf 79' lang='lat'>25,</span> <span class='ocrx_word' id='word_1_275' title='bbox 1132 2098 1147 2126; x_wconf 86' lang='lat'>1</span> <span class='ocrx_word' id='word_1_276' title='bbox 1169 2106 1211 2134; x_wconf 83' lang='lat' dir='ltr'>sq.</span> <span class='ocrx_word' id='word_1_277' title='bbox 1234 2097 1285 2125; x_wconf 79' lang='lat' dir='ltr'>das</span> <span class='ocrx_word' id='word_1_278' title='bbox 1305 2097 1441 2133; x_wconf 83' lang='lat' dir='ltr'>doppeite</span> 
     </span>
     <span class='ocr_line' id='line_1_87' title="bbox 137 2139 468 2168; baseline -0.003 -1"><span class='ocrx_word' id='word_1_279' title='bbox 137 2148 203 2168; x_wconf 87' lang='lat' dir='ltr'>mea</span> <span class='ocrx_word' id='word_1_280' title='bbox 222 2140 254 2166; x_wconf 88' lang='lat' dir='ltr'>in</span> <span class='ocrx_word' id='word_1_281' title='bbox 274 2139 380 2168; x_wconf 87' lang='lat' dir='ltr'>beiden</span> <span class='ocrx_word' id='word_1_282' title='bbox 399 2140 468 2167; x_wconf 90' lang='lat' dir='ltr'>Hss.</span> 
     </span>
    </p>

    <p class='ocr_par' dir='ltr' id='par_1_47' title="bbox 209 2172 1246 2214">
     <span class='ocr_line' id='line_1_88' title="bbox 209 2172 1246 2214; baseline -0.005 -9"><span class='ocrx_word' id='word_1_283' title='bbox 209 2174 243 2205; x_wconf 90' lang='lat'>11.</span> <span class='ocrx_word' id='word_1_284' title='bbox 267 2176 292 2211; x_wconf 81' lang='grc'>6,</span> <span class='ocrx_word' id='word_1_285' title='bbox 316 2176 330 2205; x_wconf 92' lang='grc'>1</span> <span class='ocrx_word' id='word_1_286' title='bbox 352 2186 415 2214; x_wconf 83' lang='lat' dir='ltr'>sqq.</span> <span class='ocrx_word' id='word_1_287' title='bbox 436 2177 527 2205; x_wconf 86' lang='lat' dir='ltr'>sehon</span> <span class='ocrx_word' id='word_1_288' title='bbox 548 2176 624 2204; x_wconf 86' lang='lat' dir='ltr'>oben</span> <span class='ocrx_word' id='word_1_289' title='bbox 644 2173 661 2202; x_wconf 90' lang='lat' dir='ltr'>I</span> <span class='ocrx_word' id='word_1_290' title='bbox 684 2172 728 2209; x_wconf 81' lang='lat'>18,</span> <span class='ocrx_word' id='word_1_291' title='bbox 752 2173 765 2202; x_wconf 90' lang='grc'>1</span> <span class='ocrx_word' id='word_1_292' title='bbox 788 2183 850 2211; x_wconf 88' lang='lat' dir='ltr'>sqq.</span> <span class='ocrx_word' id='word_1_293' title='bbox 871 2190 909 2194; x_wconf 86' lang='lat'>-—</span> <span class='ocrx_word' id='word_1_294' title='bbox 929 2173 974 2209; x_wconf 82' lang='lat'>24,</span> <span class='ocrx_word' id='word_1_295' title='bbox 997 2174 1015 2204; x_wconf 89' lang='lat'><strong>3</strong></span> <span class='ocrx_word' id='word_1_296' title='bbox 1036 2175 1072 2203; x_wconf 88' lang='lat' dir='ltr'>ab</span> <span class='ocrx_word' id='word_1_297' title='bbox 1094 2182 1193 2203; x_wconf 85' lang='lat' dir='ltr'>amore</span> <span class='ocrx_word' id='word_1_298' title='bbox 1212 2174 1246 2200; x_wconf 92' lang='lat' dir='ltr'>A.</span> 
     </span>
    </p>

    <p class='ocr_par' dir='ltr' id='par_1_48' title="bbox 136 2210 1441 2289">
     <span class='ocr_line' id='line_1_89' title="bbox 210 2210 1441 2250; baseline -0.005 -7"><span class='ocrx_word' id='word_1_299' title='bbox 210 2212 262 2244; x_wconf 79' lang='lat' dir='ltr'>HI.</span> <span class='ocrx_word' id='word_1_300' title='bbox 283 2214 309 2250; x_wconf 85' lang='lat'>5,</span> <span class='ocrx_word' id='word_1_301' title='bbox 325 2213 343 2242; x_wconf 82' lang='lat'>5</span> <span class='ocrx_word' id='word_1_302' title='bbox 362 2215 506 2243; x_wconf 80' lang='lat' dir='ltr'>mundans</span> <span class='ocrx_word' id='word_1_303' title='bbox 523 2214 558 2242; x_wconf 87' lang='lat' dir='ltr'>A.</span> <span class='ocrx_word' id='word_1_304' title='bbox 578 2228 617 2233; x_wconf 88' lang='lat'>—-</span> <span class='ocrx_word' id='word_1_305' title='bbox 639 2212 683 2248; x_wconf 85' lang='grc'>10,</span> <span class='ocrx_word' id='word_1_306' title='bbox 699 2210 716 2239; x_wconf 86' lang='grc'><strong>6</strong></span> <span class='ocrx_word' id='word_1_307' title='bbox 735 2214 836 2240; x_wconf 86' lang='lat' dir='ltr'>nulum</span> <span class='ocrx_word' id='word_1_308' title='bbox 856 2214 950 2241; x_wconf 79' lang='lat' dir='ltr'>fefelit</span> <span class='ocrx_word' id='word_1_309' title='bbox 962 2214 995 2241; x_wconf 88' lang='lat' dir='ltr'>A.</span> <span class='ocrx_word' id='word_1_310' title='bbox 1017 2228 1053 2233; x_wconf 83' lang='lat'>—</span> <span class='ocrx_word' id='word_1_311' title='bbox 1075 2211 1119 2247; x_wconf 81' lang='lat'>15,</span> <span class='ocrx_word' id='word_1_312' title='bbox 1135 2212 1152 2241; x_wconf 84' lang='lat'>5</span> <span class='ocrx_word' id='word_1_313' title='bbox 1172 2214 1202 2239; x_wconf 72' lang='lat' dir='ltr'>et</span> <span class='ocrx_word' id='word_1_314' title='bbox 1221 2219 1340 2239; x_wconf 78' lang='lat' dir='ltr'>serenus</span> <span class='ocrx_word' id='word_1_315' title='bbox 1354 2211 1387 2238; x_wconf 86' lang='lat' dir='ltr'>A.</span> <span class='ocrx_word' id='word_1_316' title='bbox 1403 2224 1441 2229; x_wconf 80' lang='lat'>-—-</span> 
     </span>
     <span class='ocr_line' id='line_1_90' title="bbox 136 2249 1277 2289; baseline -0.004 -8"><span class='ocrx_word' id='word_1_317' title='bbox 136 2252 180 2288; x_wconf 82' lang='lat'>26,</span> <span class='ocrx_word' id='word_1_318' title='bbox 205 2252 222 2281; x_wconf 83' lang='lat'><strong>5</strong></span> <span class='ocrx_word' id='word_1_319' title='bbox 244 2254 280 2281; x_wconf 90' lang='lat' dir='ltr'>de</span> <span class='ocrx_word' id='word_1_320' title='bbox 299 2253 372 2282; x_wconf 85' lang='lat' dir='ltr'>fehlt</span> <span class='ocrx_word' id='word_1_321' title='bbox 391 2254 425 2281; x_wconf 89' lang='lat' dir='ltr'>A.</span> <span class='ocrx_word' id='word_1_322' title='bbox 447 2269 484 2274; x_wconf 91' lang='lat'>—</span> <span class='ocrx_word' id='word_1_323' title='bbox 504 2251 549 2280; x_wconf 81' lang='lat'>29.</span> <span class='ocrx_word' id='word_1_324' title='bbox 573 2250 586 2279; x_wconf 90' lang='lat'>1</span> <span class='ocrx_word' id='word_1_325' title='bbox 609 2261 650 2289; x_wconf 90' lang='lat' dir='ltr'>sq.</span> <span class='ocrx_word' id='word_1_326' title='bbox 676 2251 842 2287; x_wconf 83' lang='lat' dir='ltr'>umgestellt</span> <span class='ocrx_word' id='word_1_327' title='bbox 860 2252 894 2279; x_wconf 93' lang='lat' dir='ltr'>A.</span> <span class='ocrx_word' id='word_1_328' title='bbox 915 2266 952 2270; x_wconf 91' lang='lat'>——</span> <span class='ocrx_word' id='word_1_329' title='bbox 974 2250 1020 2286; x_wconf 80' lang='lat'>30,</span> <span class='ocrx_word' id='word_1_330' title='bbox 1042 2249 1059 2280; x_wconf 85' lang='lat'>3</span> <span class='ocrx_word' id='word_1_331' title='bbox 1080 2251 1222 2279; x_wconf 85' lang='lat' dir='ltr'>Excelsus</span> <span class='ocrx_word' id='word_1_332' title='bbox 1243 2250 1277 2277; x_wconf 90' lang='lat' dir='ltr'>A.</span> 
     </span>
    </p>

    <p class='ocr_par' dir='ltr' id='par_1_49' title="bbox 135 2286 1442 2366">
     <span class='ocr_line' id='line_1_91' title="bbox 212 2286 1442 2321; baseline -0.005 -2"><span class='ocrx_word' id='word_1_333' title='bbox 212 2292 285 2319; x_wconf 86' lang='lat' dir='ltr'>Dass</span> <span class='ocrx_word' id='word_1_334' title='bbox 311 2292 406 2319; x_wconf 89' lang='lat' dir='ltr'>dieser</span> <span class='ocrx_word' id='word_1_335' title='bbox 433 2292 548 2319; x_wconf 86' lang='lat' dir='ltr'>Psalter</span> <span class='ocrx_word' id='word_1_336' title='bbox 574 2298 633 2318; x_wconf 87' lang='lat' dir='ltr'>von</span> <span class='ocrx_word' id='word_1_337' title='bbox 659 2291 753 2318; x_wconf 89' lang='lat' dir='ltr'>einem</span> <span class='ocrx_word' id='word_1_338' title='bbox 780 2289 999 2318; x_wconf 73' lang='lat' dir='ltr'>franzosischen</span> <span class='ocrx_word' id='word_1_339' title='bbox 1019 2290 1141 2318; x_wconf 88' lang='lat' dir='ltr'>Dichter</span> <span class='ocrx_word' id='word_1_340' title='bbox 1168 2288 1318 2321; x_wconf 78' lang='lat' dir='ltr'>herriihrt,</span> <span class='ocrx_word' id='word_1_341' title='bbox 1344 2286 1442 2314; x_wconf 67' lang='lat' dir='ltr'>verrat</span> 
     </span>
     <span class='ocr_line' id='line_1_92' title="bbox 135 2328 513 2366; baseline -0.005 -9"><span class='ocrx_word' id='word_1_342' title='bbox 135 2330 186 2358; x_wconf 75' lang='lat' dir='ltr'>der</span> <span class='ocrx_word' id='word_1_343' title='bbox 208 2329 295 2357; x_wconf 81' lang='lat' dir='ltr'>Reim</span> <span class='ocrx_word' id='word_1_344' title='bbox 313 2330 344 2358; x_wconf 83' lang='lat'>11</span> <span class='ocrx_word' id='word_1_345' title='bbox 366 2328 410 2364; x_wconf 82' lang='lat'>18,</span> <span class='ocrx_word' id='word_1_346' title='bbox 431 2329 451 2358; x_wconf 94' lang='grc'>4</span> <span class='ocrx_word' id='word_1_347' title='bbox 470 2338 513 2366; x_wconf 82' lang='lat' dir='ltr'>sq.</span> 
     </span>
    </p>
   </div>
   <div class='ocr_carea' id='block_1_29' title="bbox 676 2419 901 2426">
    <p class='ocr_par' dir='ltr' id='par_1_50' title="bbox 676 2419 901 2426">
     <span class='ocr_line' id='line_1_93' title="bbox 676 2419 901 2426; baseline -0.009 0"><span class='ocrx_word' id='word_1_348' title='bbox 676 2419 901 2426; x_wconf 81' lang='lat'>—.—</span> 
     </span>
    </p>
   </div>
  </div>
 </body>
</html>
