1650 2612
517 624 569 655 IX.
604 624 789 657 Psalterium
818 625 930 656 beatae
956 626 1074 658 Mariae
1103 626 1139 657 V.

531 687 660 716 auctore
683 685 876 724 Engelberto
901 686 1120 719 Admontensi.

581 787 720 819 Prima
759 787 1069 828 Quinquagena.

191 861 222 893 1.
251 863 329 903 Ave,
357 870 439 900 rosa,
466 859 524 893 flos
549 862 678 904 aestive,

250 908 275 939 Ο
300 908 417 947 Maria,
443 909 523 940 lucis
548 909 639 940 vivae

296 955 399 987 Suave
423 955 647 995 habitaculum,

246 1001 368 1033 Lumen
395 1002 500 1033 vivum
526 1011 564 1034 ex
590 1007 622 1035 te
646 1003 736 1044 luxit,

248 1049 368 1080 Lumen
395 1049 480 1080 vitae
504 1050 587 1088 quod
614 1050 744 1081 reduxit

292 1096 330 1127 In
355 1096 416 1128 hoc
440 1096 551 1127 mortis
577 1097 747 1128 saeculum.

188 1182 218 1213 2.
245 1181 325 1221 Ave,
352 1189 425 1212 rosa
450 1180 622 1220 aestivalis,

245 1227 346 1259 Nulla
369 1235 505 1266 unquam
534 1236 608 1259 rosa
631 1228 705 1258 talis

293 1275 330 1306 In
356 1275 416 1306 hoc
440 1275 557 1305 mundo
582 1274 755 1314 splenduit,

245 1321 290 1353 Ut
315 1325 363 1354 est
386 1324 494 1353 notum
521 1320 675 1361 Gabrieli,

240 1368 290 1400 De
314 1372 347 1400 te
370 1368 440 1401 sola
464 1369 570 1400 lumen
599 1369 679 1400 caeli

290 1416 393 1448 Homo
419 1416 506 1447 nasci
530 1416 640 1447 voluit.

182 1503 214 1535 3.
240 1502 320 1541 Ave,
347 1509 430 1541 rosa,
457 1498 515 1531 flos
540 1500 659 1540 vitalis,

244 1548 399 1581 Creatura
422 1547 596 1586 aestivalis,

291 1594 383 1627 Felix
406 1604 424 1625 o
449 1595 639 1634 prodigium,

242 1644 333 1683 Quod
360 1650 428 1674 eum
454 1641 540 1673 Deus
565 1640 750 1680 fabricaret,

242 1690 314 1722 Hoc
338 1689 486 1723 intendit.
513 1692 548 1719 ut
572 1691 764 1720 monstraret

290 1737 421 1770 Grande
445 1735 627 1769 artificium.

180 1825 212 1856 4.
239 1823 319 1867 Ave,
346 1832 430 1862 rosa,
459 1822 554 1853 decor
581 1821 668 1852 cuius

239 1871 340 1903 Omne
369 1869 538 1910 pulchrum
563 1868 673 1900 mundi
699 1866 791 1899 huius

287 1918 411 1950 Premit
435 1918 467 1947 et
491 1918 671 1955 exsuperat,

239 1966 326 2006 Lege
353 1964 456 1997 carnis
482 1963 563 1994 nihil
587 1963 652 1994 tale

237 2012 475 2046 Conferendum
501 2011 552 2043 vel
577 2009 709 2050 aequale

282 2061 423 2093 Mundus
449 2058 693 2099 germinaverat.

177 2148 207 2180 5.
234 2147 315 2188 Ave,
342 2155 416 2178 rosa
441 2153 504 2176 non
531 2143 682 2186 vulgaris,

235 2193 435 2235 Disciplinae
458 2191 615 2232 puellaris

282 2241 474 2282 Exemplum
502 2242 534 2271 et
557 2239 678 2279 regula,

236 2289 357 2321 Cedrus
384 2288 472 2321 cedri
498 2287 597 2320 vincis
623 2287 707 2325 iura,

233 2337 333 2376 Quam
359 2335 518 2377 plantavit
540 2334 601 2367 Dei
628 2343 714 2373 cura,

281 2384 426 2425 Fragans
452 2382 532 2415 fumi
555 2382 687 2422 virgula.

893 864 923 895 6.
949 865 1028 903 Ave,
1055 872 1136 905 rosa⁷
1166 864 1215 894 cui
1240 864 1417 903 scripturae

862 2141 917 2175 10.

950 911 1137 942 Alluserunt
1161 909 1330 941 adfuturae

998 957 1223 989 Praedicentes
1248 957 1401 996 inclitam,

951 1004 1036 1035 Arca
1060 1003 1129 1035 Noe
1154 1013 1245 1042 quam
1273 1005 1422 1043 signavit,

949 1051 1046 1089 Quam
1072 1050 1204 1090 abyssus
1233 1051 1385 1083 exaltavit

995 1099 1033 1129 In
1058 1096 1185 1129 sublimi
1208 1098 1356 1136 positam.

913 1206 920 1213 .
947 1182 1026 1220 Ave,
1053 1189 1134 1219 rosa,
1161 1181 1256 1222 intus,
1284 1184 1373 1213 extra

950 1228 1109 1260 Creatoris
1135 1226 1211 1259 forti
1238 1228 1351 1260 <lextra

997 1275 1083 1307 Illita
1107 1274 1269 1315 bitumine,

948 1321 1029 1353 Nam
1052 1322 1192 1353 bitumen
1218 1322 1277 1353 hoc
1301 1327 1417 1354 amoris

947 1368 1114 1410 Nunquam
1139 1369 1220 1400 solvi
1246 1370 1276 1401 vi
1301 1371 1433 1401 terroris

992 1416 1100 1449 Potuit
1124 1417 1163 1449 ab
1188 1416 1323 1450 homine.

945 1501 1025 1542 Ave,
1051 1509 1134 1541 rosa,
1160 1509 1253 1539 quam
1278 1500 1413 1542 benigne

944 1547 1073 1579 Firmae
1097 1548 1185 1586 pacis
1211 1548 1253 1580 ad
1277 1548 1402 1588 insigne

992 1594 1079 1626 Deus
1105 1603 1212 1626 arcum
1237 1596 1352 1634 posuit.

946 1641 1012 1680 Quo
1040 1642 1183 1681 inspecto
1210 1642 1346 1674 clemens
1371 1643 1469 1682 Deus,

945 1688 996 1720 Ne
1019 1689 1141 1729 periret
1165 1690 1256 1721 homo
1281 1698 1366 1730 reus,

992 1736 1128 1768 Parcere
1155 1737 1321 1776 disposuit.

911 1845 918 1852 .
945 1820 1025 1861 Ave,
1052 1829 1125 1852 rosa
1149 1820 1239 1852 verni
1264 1821 1356 1861 roris,

944 1867 990 1898 Te
1017 1866 1116 1900 divini
1140 1875 1193 1899 ros
1218 1868 1335 1899 amoris

992 1915 1105 1947 Totam
1130 1914 1175 1945 sic
1198 1918 1373 1955 roravemt,

946 1962 992 1995 Ut
1016 1962 1100 1994 hunc
1123 1970 1207 1993 esses
1232 1963 1376 2002 genitura

946 2008 1048 2041 Carne
1072 2009 1141 2042 sine
1166 2010 1269 2040 carnis
1294 2018 1379 2050 cura,

990 2056 1075 2089 Deus
1101 2065 1192 2096 quem
1217 2060 1380 2097 genuerat.

943 2143 1023 2182 Ave,
1049 2150 1131 2179 rosa,
1159 2151 1233 2174 rosa
1257 2143 1352 2183 veris,

941 2189 1027 2222 Dum
1051 2190 1083 2221 in
1111 2190 1262 2222 mundum
1278 2190 1468 2232 nascereris,

989 2237 1088 2270 Totus
1111 2237 1249 2270 mundus
1274 2236 1391 2278 floruit,

943 2285 989 2317 Te
1012 2287 1162 2318 nascente
1188 2285 1275 2317 velut
1298 2286 1365 2317 sole

943 2333 1158 2366 Tenebrarum
1184 2333 1276 2373 pulsa
1298 2334 1382 2365 mole

989 2380 1082 2414 Nova
1105 2381 1160 2413 lux
1186 2381 1324 2412 emicuit.
