1650 2612
247 215 301 245 25.

244 616 298 648 26.

241 1019 294 1049 27.

241 1419 294 1450 28.

234 2228 288 2260 30.

748 117 1001 152 —246—

327 213 407 252 Ave,
432 214 494 246 Dei
518 214 668 256 genetrix,

372 260 525 292 viatorum
550 261 611 295 via,

324 306 444 338 Lumen
468 307 555 347 paris
579 307 738 344 luminum,

371 356 441 385 orta
466 355 504 385 de
529 353 655 395 Iudaea,

324 400 371 431 Tu
397 398 482 432 faeta
505 399 631 441 fiducia,

369 449 436 478 tota
459 448 543 478 salus
567 456 647 486 mea,

323 493 372 524 Ne
399 493 563 525 damnetur
586 495 690 526 anima

369 549 489 572 summa
513 550 615 580 poena
638 550 702 573 rea.

324 616 403 654 Ave,
429 616 490 647 Dei
514 616 667 656 genetrix,

369 664 471 693 neseis
498 663 662 701 consolari,

323 708 386 740 Sed
411 710 451 741 ad
479 718 601 741 erucem
626 709 753 741 Domini

367 753 452 794 fiere,
478 757 653 796 lamentari,

320 801 403 833 Dum
428 807 492 834 tam
517 807 658 834 sanctum
684 802 782 834 filium

368 849 456 881 vides
481 851 636 882 immolari

320 895 365 926 Et
388 897 537 928 mundum
563 897 716 928 visibilem

366 945 465 975 totum
490 943 680 978 conturbari.

320 1018 399 1057 Ave,
428 1019 551 1050 ductrix
575 1019 684 1057 populi

367 1064 462 1097 valde
485 1066 628 1104 generosi

320 1111 381 1142 Per
407 1111 564 1143 desertum
588 1113 704 1143 saeculi

367 1157 461 1190 valde
485 1159 655 1199 tenebrosi,

319 1203 385 1235 Hos
411 1205 450 1236 de
473 1215 566 1236 manu
589 1205 724 1237 Satanae

366 1251 459 1283 valde
483 1252 630 1283 venenosi

319 1297 452 1329 Liberas
478 1299 518 1330 ad
544 1299 674 1338 gloriam

365 1343 426 1375 Dei
450 1345 588 1385 gloriosi.

319 1418 399 1457 Ave,
428 1420 513 1450 cuius
536 1418 595 1450 filii

366 1467 545 1506 sanguinem
569 1465 726 1509 fuderunt,

321 1512 432 1544 Stillae
455 1514 555 1544 sancti
579 1513 737 1552 sanguinis

366 1568 472 1591 omnes
498 1560 719 1599 clamaverunt,

317 1605 423 1637 Mater
447 1607 685 1638 clementissima

367 1655 398 1683 te
424 1654 652 1694 desolaverunt,

319 1699 419 1730 Nobis
442 1701 660 1740 peccatoribus

365 1755 418 1778 cor
441 1746 721 1780 inflammaverunt.

237 1832 243 1837 ·
282 1847 287 1852 .
312 1822 390 1864 Ave,
416 1831 511 1862 super
537 1822 704 1855 Cherubim

364 1869 435 1908 plus
457 1870 643 1912 illuminata,

318 1915 421 1954 Supra
444 1920 568 1948 sanctos
593 1917 757 1958 Seraphim

362 1963 433 2002 plus
459 1973 491 1995 es
515 1962 716 2005 inflammata,

315 2010 353 2041 In
378 2013 410 2040 te
434 2011 506 2050 quia
532 2011 632 2043 deitas

363 2060 410 2088 est
433 2058 596 2089 humiliata

314 2103 358 2135 Et
380 2108 488 2136 nostra
512 2104 666 2145 fragilitas

360 2151 452 2183 nimis
478 2153 624 2186 exaltata.

314 2228 393 2268 Ave,
419 2228 480 2259 Dei
503 2228 654 2271 genetrix,

359 2273 539 2315 Aegyptum
562 2276 698 2316 intrasti,

313 2320 363 2352 De
385 2322 532 2362 Aegypto
558 2322 665 2354 exiens

359 2368 519 2401 Nazareth
544 2370 666 2410 amasti,

916 427 969 459 31.

911 831 964 864 32.

909 1233 963 1264 33.

906 1636 961 1668 34.

904 2041 958 2073 35.

1001 212 1051 243 De
1074 213 1168 244 terris
1193 213 1400 253 progrediens

1046 260 1150 291 caelos
1175 259 1338 290 adornasti

997 305 1040 336 Et
1066 306 1195 337 decoras
1221 307 1334 343 omnia,

1043 361 1101 391 pro
1126 353 1216 384 nobis
1242 354 1350 386 orasti.

997 427 1076 466 Ave,
1103 428 1164 459 Dei
1189 428 1342 467 genetrix,

1044 472 1101 505 flos
1127 475 1207 506 caeli
1233 475 1400 517 caelorum,

994 521 1102 552 Mater
1119 531 1151 553 es
1179 522 1360 553 dulcissima

1042 570 1124 607 regis
1149 569 1340 609 angelorum,

998 615 1047 646 Ad
1071 618 1104 647 te
1127 616 1212 647 levat
1238 616 1344 647 oculos

1042 670 1139 701 genus
1164 666 1374 704 peccatorum,

995 709 1114 748 Optans
1136 710 1222 750 iungi
1248 710 1349 741 coetui

1040 757 1177 788 omnium
1201 760 1391 788 sanctorum.

992 832 1070 870 Ave,
1095 834 1196 862 mater
1220 831 1357 870 Domini,

1039 887 1196 917 nunquam
1223 877 1436 919 confunderis,

992 924 1038 955 Tu
1063 924 1169 956 hostes
1195 926 1347 956 ecclesiae

1036 980 1160 1011 semper
1184 973 1394 1014 persequeris,

990 1018 1051 1049 Pro
1077 1020 1139 1050 tuis
1162 1018 1309 1050 fidelibus

1037 1073 1161 1105 semper
1184 1064 1397 1107 inflammaris,

991 1111 1100 1142 Donec
1124 1121 1176 1144 eos
1201 1113 1320 1153 videas,

1035 1158 1090 1189 ubi
1113 1160 1314 1199 principaris.

988 1233 1068 1273 Ave,
1094 1234 1181 1273 virgo
1206 1234 1371 1273 virginum,

1035 1288 1091 1310 ara
1116 1283 1307 1319 consecrata,

988 1326 1074 1357 Ture
1095 1327 1278 1358 suavissimo

1035 1381 1159 1414 semper
1181 1373 1383 1414 inflammata,

989 1418 1068 1451 Caro
1095 1420 1213 1453 Christi
1237 1420 1351 1452 florida

1034 1469 1137 1498 tecum
1163 1468 1317 1499 collocata

986 1513 1031 1544 Et
1054 1523 1073 1544 a
1097 1515 1213 1547 sanetis
1238 1515 1358 1555 angelis

1034 1568 1158 1600 semper
1181 1562 1344 1596 honorata.

985 1636 1065 1677 Ave,
1090 1640 1200 1668 nostra
1220 1637 1330 1678 gloria,

1034 1685 1137 1715 tecum
1161 1684 1318 1716 habitavit

986 1729 1086 1770 Mitis,
1114 1731 1248 1763 clemens
1272 1732 1435 1773 Dominus,

1034 1777 1087 1816 qui
1111 1779 1157 1809 sie
1180 1779 1337 1819 mitigavit

985 1823 1068 1855 Iram
1093 1825 1154 1857 Dei
1178 1826 1333 1868 rabidam,

1034 1873 1116 1911 quod
1141 1872 1322 1912 pacificavit

985 1918 1142 1958 Angelum
1169 1923 1200 1951 et
1218 1920 1376 1952 hominem

1033 1968 1127 2005 teque
1152 1968 1324 2002 coronavit.

984 2041 1064 2081 Ave,
1088 2041 1150 2074 Dei
1172 2043 1281 2083 gloria,

1030 2088 1123 2129 inops
1148 2099 1270 2130 pauper
1294 2099 1351 2130 ego

982 2135 1021 2167 1n
1045 2137 1167 2177 magnis
1190 2137 1325 2168 miseriis

1030 2183 1127 2215 vitam
1150 2184 1243 2215 istam
1268 2193 1337 2225 ago,

984 2228 1071 2260 Luce
1094 2231 1141 2261 tui
1163 2229 1222 2261 filii

1030 2276 1161 2308 caelitus
1185 2286 1235 2308 me
1259 2286 1343 2319 rego,

985 2324 1062 2356 Gum
1086 2325 1169 2355 veris
1192 2325 1360 2364 gemitibus

1029 2370 1072 2402 ad
1094 2374 1126 2402 te
1149 2370 1213 2403 fide
1235 2381 1345 2414 pergo.
