1650 2612
451 216 506 250 19.

454 435 509 468 20.

450 662 505 694 21.

450 889 505 920 22.

451 1115 509 1147 23.

450 1341 506 1372 24.

446 1567 505 1598 25.

446 1794 501 1827 26.

444 2021 500 2054 27.

442 2250 498 2283 28.

743 122 975 158 -93-

531 218 612 258 Ave,
638 217 733 249 Iacob
759 221 902 251 sanctum
924 220 988 253 Dei
1010 230 1134 263 nomen,

531 266 595 297 Per
619 265 704 304 quod
729 266 830 298 solum
854 276 1017 307 speramus
1040 268 1194 313 iuvamen,

532 311 661 343 Exaudi
684 312 716 343 in
743 313 949 347 tribulatione

533 358 605 391 Non
632 359 719 398 equis
743 359 818 392 fisos
843 362 901 394 sed
924 362 985 394 hoe
1009 364 1143 398 nomine.

536 435 616 474 Ave,
642 435 725 475 lesa,
750 435 784 466 in
808 436 925 468 virtute
950 438 1037 469 cuius

532 481 751 515 Laetabuntur
775 491 866 523 reges
890 484 999 516 mundi
1024 484 1125 526 huius,

531 530 577 562 Et
599 529 633 560 in
657 529 790 561 salutari
814 530 1016 563 vehementer

530 576 747 609 Exsultabunt
770 585 877 609 omnes
901 579 1067 611 veraciter.

532 662 612 702 Ave,
637 662 721 703 Iesu,
746 662 870 701 respice
893 661 927 693 in
951 670 1002 693 me
1024 671 1206 705 pauperem,

532 708 582 739 Ne
608 708 807 747 derelinquas
832 717 882 739 me
907 709 1048 747 quamvis
1073 714 1282 751 peccatorem,

531 755 639 795 Longe
666 763 745 795 sum,
771 753 884 796 fateor,
910 764 928 786 a
952 756 1054 787 salute
1075 759 1138 799 tua,

531 802 629 841 Quam
655 810 717 833 non
743 801 843 833 merui
866 804 1001 842 propter
1024 807 1155 842 peccata
1179 813 1259 836 mea.

532 888 612 929 Ave,
639 887 721 929 Iesu,
749 886 801 926 qui
826 895 878 918 me
901 887 995 928 regis,

531 934 587 966 Nil
611 936 646 965 ut
669 933 748 965 mihi
774 933 867 975 desit,
893 933 970 974 agis,

531 982 579 1013 Tu
603 989 654 1012 me
677 981 710 1012 in
734 989 873 1020 pascuae
896 980 965 1012 loco

532 1028 661 1061 Colloca
685 1030 717 1059 et
741 1036 804 1059 non
828 1036 938 1067 opaco.

533 1113 613 1152 Ave,
638 1112 721 1153 Iesu,
747 1112 789 1144 ad
814 1120 906 1152 quem
931 1112 999 1151 quis
1024 1113 1185 1155 ascendet,

531 1160 603 1192 Nisi
624 1159 742 1192 mundo
768 1159 865 1191 corde
890 1159 942 1199 qui
967 1160 1097 1192 recedet

529 1207 581 1239 Ab
606 1206 690 1239 omni
715 1206 805 1246 gravi
828 1206 995 1246 iniquitate

530 1255 678 1287 Animam
703 1262 833 1285 servans
857 1263 876 1285 a
898 1252 1063 1286 vanitate?

533 1340 613 1379 Ave,
638 1339 672 1370 in
694 1347 786 1378 quem
810 1337 972 1370 confidens
996 1347 1058 1370 non
1084 1339 1277 1380 erubescam,

531 1386 584 1419 Ad
609 1394 701 1426 quem
727 1386 864 1417 animam
887 1386 997 1418 levans
1020 1395 1084 1418 non
1109 1387 1341 1429 pertimescam,

529 1434 641 1473 Neque
668 1433 859 1465 invidebunt
882 1433 945 1464 mei
968 1433 1098 1475 inimici,

529 1481 662 1521 Quando
687 1479 777 1513 fruar
798 1483 853 1512 tuo
878 1481 1001 1520 eloquio
1028 1480 1122 1515 dulci.

530 1566 610 1607 Ave,
637 1566 720 1605 Iesu,
748 1566 843 1597 decus
867 1565 1075 1605 innocentiae,

528 1612 579 1643 Ne
602 1613 724 1644 iudices
749 1621 846 1652 opera
869 1612 1039 1653 nequitiae,

528 1659 593 1692 Sed
617 1659 720 1699 proba
743 1669 800 1691 nos
826 1661 859 1690 et
882 1662 1008 1691 nostros
1032 1668 1090 1692 ure
1113 1669 1205 1693 renes

526 1707 633 1747 Atque
656 1710 812 1738 memento
838 1715 895 1738 nos
918 1715 989 1738 esse
1006 1707 1159 1740 homines.

528 1793 607 1832 Ave,
634 1793 719 1831 Iesu,
745 1792 791 1822 tui
815 1791 900 1822 salus
924 1791 1046 1832 populi,

527 1840 669 1880 Orphani
694 1841 859 1878 protector
883 1840 977 1877 atque
1000 1838 1125 1882 pupilli,

527 1888 677 1920 Illumina
701 1894 759 1918 nos
784 1886 887 1917 sancti
910 1885 1042 1924 spiritus
1065 1886 1147 1929 igne,

523 1934 570 1968 Ut
593 1934 713 1967 hostias
734 1933 930 1965 immolemus
956 1933 1121 1974 condigne.

525 2021 605 2063 Ave,
631 2020 715 2061 Iesu,
743 2019 796 2059 qui
821 2021 965 2051 sanctum
990 2019 1135 2059 eripuisti

525 2069 588 2100 Per
612 2067 802 2108 prophetam
827 2066 860 2098 in
884 2067 956 2102 lacu
982 2067 1056 2100 dum
1080 2068 1207 2108 pavisti,

522 2115 686 2148 Leonibus
711 2122 752 2146 ne
775 2113 886 2146 tradas
912 2114 1109 2156 confitentes,

523 2163 587 2195 Sed
613 2170 726 2195 eruens
750 2170 809 2193 nos
834 2170 941 2193 eorum
965 2164 1033 2194 tere
1060 2162 1180 2196 dentes.

525 2249 605 2290 Ave,
632 2247 728 2287 aries,
755 2247 808 2287 qui
833 2256 892 2287 pro
917 2247 1008 2279 nobis
1033 2248 1223 2291 immolatus,

521 2296 559 2329 In
586 2304 680 2327 cruce
703 2294 814 2326 lancea
841 2294 910 2327 dire
935 2303 968 2326 es
988 2294 1180 2337 perforatus,

520 2344 565 2377 Et
589 2345 663 2385 post
687 2342 787 2374 multa
813 2345 971 2375 tormenta
995 2343 1094 2383 spinis
1122 2349 1288 2376 coronatus

522 2393 630 2432 Atque
659 2388 890 2431 crucifigendus
915 2390 1043 2423 Iudaeis
1068 2392 1217 2427 traditus,
