1650 2612
317 179 371 211 29.

319 395 373 426 30.

319 618 373 652 31.

321 844 374 876 32.

323 1069 377 1101 33.

327 1293 381 1324 34⁴

328 1518 383 1549 35.

329 1743 384 1775 36.

331 1968 387 1999 37.

334 2193 389 2226 38,

653 86 910 121 -110--

398 179 476 222 Ave,
503 179 584 222 Iesu,
610 181 662 220 qui
686 189 737 211 me
760 181 927 220 suscepisti

400 227 584 258 Peccantem
611 230 642 258 et
664 227 763 267 legem
791 228 934 268 docuisti,

400 272 495 304 Verte
518 274 678 312 planctum
702 282 805 306 meum
828 274 862 305 in
885 274 1032 314 gaudium

398 318 442 350 Et
467 320 506 351 da
531 322 563 351 te
585 320 703 362 videre,
728 320 830 352 Deum
853 329 965 354 meum.

399 394 477 432 Ave,
504 394 585 436 Iesu,
613 395 666 434 qui
692 403 817 434 semper
841 395 936 426 odisti

401 439 610 473 observantes
636 441 800 484 vanitates,
828 442 912 473 tristi

399 487 513 518 Animo
538 495 591 518 eos
615 496 739 526 semper
764 488 875 521 vidisti

402 532 468 564 Nec
491 532 559 566 vias
584 537 653 566 tuas
682 535 726 566 eis
751 536 943 568 monstrasti.

399 618 479 659 Ave,
508 618 590 660 lesu,
619 619 705 650 cuius
729 628 787 658 per
813 619 965 651 diluvium

399 664 500 696 Mersi
523 667 596 696 sunt
617 669 800 705 respuentes
825 664 990 707 refugium,

399 710 448 742 Ne
472 720 537 753 nos,
564 721 719 753 rogamuS‚
745 713 861 752 perdas
885 722 944 752 pro
968 714 1117 755 peccatis,

401 757 464 790 Sed
490 759 531 791 da
554 761 687 801 tempus,
713 762 750 791 ut
773 759 925 792 faciamus
951 760 1038 793 satis.

401 842 473 874 Tibi
499 841 684 875 confitemur
707 843 740 874 in
766 843 897 886 cithara,

401 889 438 920 In
464 889 613 929 psalterio
638 893 692 921 tua
717 899 814 930 opera

402 935 592 976 Laudamus,
618 937 670 976 qui
697 937 736 968 de
762 937 847 969 eaelo
871 937 1006 977 respicis

403 982 504 1022 Super
529 985 655 1024 terram,
683 993 773 1023 quam
799 988 934 1016 tremere
958 982 1047 1016 facis.

403 1068 482 1110 Ave,
508 1067 591 1107 Iesu,
616 1068 658 1099 ad
682 1076 775 1107 quem
800 1077 921 1108 pauper
946 1068 1095 1109 clamans,

404 1113 500 1152 Quem
524 1114 662 1153 pupillus
687 1113 831 1147 adflictus
853 1116 1028 1147 reclamans

405 1160 597 1200 Angelorum
622 1161 730 1193 statim
754 1162 850 1193 habet
873 1162 1012 1194 solamen

406 1210 510 1247 Atque
536 1215 600 1239 elus
621 1209 852 1240 sanctissimum
876 1207 1000 1241 flamen.

408 1293 486 1330 Ave,
512 1290 594 1330 Iesu,
622 1299 712 1331 quem
738 1292 811 1323 dum
835 1293 932 1323 testes
956 1291 1055 1331 iniqui

408 1337 618 1377 Accusabant,
645 1336 793 1377 fugerunt
817 1340 849 1368 et
871 1338 1051 1378 propinqui,

408 1384 483 1416 Sola
506 1386 607 1415 mater
630 1384 815 1424 quibusdam
842 1393 907 1416 cum
935 1384 1060 1416 feminis

408 1431 500 1462 quta
525 1439 648 1462 crucem
672 1433 823 1463 remansit
847 1431 1008 1463 exanimis.

410 1517 487 1556 Ave,
512 1517 595 1555 Iesu,
621 1516 707 1547 ouius
731 1516 825 1547 timor

408 1562 469 1594 Est
491 1562 654 1594 habendus
679 1564 773 1602 atque
796 1571 893 1601 amor,

409 1609 525 1648 Timor,
551 1609 687 1648 inquam,
715 1610 767 1648 qui
792 1610 833 1640 sit
862 1612 977 1651 castus,

409 1656 507 1694 Quem
531 1664 593 1687 non
617 1656 718 1696 pellat
741 1665 828 1688 amor
852 1656 965 1690 iustus..

409 1740 491 1780 Ave,
517 1740 599 1779 Iesu,
625 1743 695 1773 tuos
721 1740 774 1780 qui
798 1749 957 1780 nunquam
981 1743 1106 1772 sanctos

408 1787 610 1826 Derelinquis
636 1787 675 1819 ab
699 1786 805 1827 impiis
831 1785 966 1819 afflictos

411 1834 480 1865 Nec
504 1834 635 1866 iniustos
662 1834 794 1866 dimittis
818 1834 1000 1875 impunitos,

412 1881 561 1913 Aeternis
586 1881 776 1913 cruciatibus
800 1881 955 1916 addictos,

412 1967 492 2005 Ave,
515 1966 600 2005 lesu,
626 1972 717 2005 quem
740 1967 837 1997 miser
862 1964 1075 2007 conturbatus,

412 2012 523 2051 Miser,
548 2011 685 2051 inquam‚
712 2010 815 2043 factus
840 2015 870 2043 et
897 2011 1108 2051 contristatus,

412 2060 557 2098 Nostros,
584 2067 708 2098 quaese,
736 2068 810 2091 cura
834 2058 873 2090 ab
898 2058 1095 2090 illusionibus

413 2105 552 2137 Lumbos
576 2109 774 2145 mentemque
797 2109 938 2138 nostram
962 2115 982 2138 a
1004 2105 1288 2144 phantasmatibus,

414 2191 494 2230 Ave,
518 2189 601 2228 Iesu,
629 2190 714 2220 cuius
735 2190 807 2230 igne

415 2237 646 2276 Exardescunt,
673 2237 725 2275 qui
752 2237 907 2277 condigne

416 2284 462 2316 Te
485 2293 544 2324 per
569 2283 651 2315 diem
675 2283 869 2316 meditantur

413 2331 459 2364 Et
481 2340 540 2372 per
563 2333 688 2363 noctem
710 2336 909 2366 venerantur.
