1650 2612
158 210 201 242 47

159 416 216 448 48.

678 120 912 154 -49-

207 234 215 241 .
242 211 322 250 Ave,
348 211 431 253 Iesu,
461 212 574 252 dignus
598 215 703 257 laude,

242 257 303 288 Vin
308 265 380 288 cens
387 257 509 289 hostem
518 260 646 298 plenum
653 259 776 302 fraude,

243 303 345 335 Terra
370 312 444 344 ergo
467 306 567 338 omnis
592 306 695 347 gaude

243 350 350 390 Atque
374 360 469 383 manu
493 353 586 385 simul
610 353 737 393 plaude.

242 417 323 457 Ave,
349 416 430 458 Iesu,
457 426 515 449 nos
539 418 674 452 heredes

244 462 329 494 Tuos
355 464 435 495 caeli
462 465 523 496 duc
547 466 590 497 ad
614 466 720 507 aedes,

245 509 349 549 Super
373 511 544 544 Cherubim
570 514 622 552 qui
647 514 740 545 sedes

243 556 312 588 Nec
336 557 453 590 abinde
478 562 512 591 tu
535 561 676 592 recedes.

837 217 893 248 49.
919 216 1001 255 Ave,
1028 216 1081 255 qui
1107 215 1147 246 de
1170 223 1247 247 vera
1269 214 1336 247 vite

922 264 961 295 In
977 271 1065 302 spem
1087 270 1207 302 manas,
1232 261 1314 301 Iesu,
1342 262 1425 294 vitae

922 309 1010 350 Eius,
1035 312 1155 350 gentes,
1181 308 1310 339 introite

922 357 961 389 In
987 358 1187 396 conspectum
1213 357 1244 386 et
1269 356 1394 389 servite.

845 423 898 455 50.
925 422 1005 459 Ave,
1033 422 1116 460 Iesu,
1141 423 1176 451 tu
1200 421 1254 452 lux
1278 425 1379 461 grata,

926 468 1080 500 Caecitati
1103 470 1229 499 nostrae
1255 469 1339 509 data,

923 514 1010 546 Luce
1034 514 1098 546 frui
1122 523 1178 545 nos
1205 517 1314 554 optata

923 562 983 593 Via
1008 561 1059 594 fac
1083 561 1293 595 immaculata.

552 653 701 685 Tertia
732 654 1046 694 Quinquagena.

191 747 198 755 .
224 724 306 765 Ave,
332 725 415 763 Iesu,
444 726 545 757 dulcis
572 727 645 769 dici,

222 772 251 802 A
277 773 309 802 te
332 774 408 810 peto
434 772 589 814 benedici,

225 817 286 848 Per
311 827 402 857 quem
427 819 511 851 mala
536 821 636 852 multa
664 820 725 852 vici

224 864 457 904 Exprobrantis
482 867 611 901 inimici.

189 964 197 972 .
224 941 303 980 Ave,
331 949 446 980 parens
470 943 530 974 mis
555 945 732 983 parentum,

222 986 306 1026 1esu‚
333 991 475 1019 nostrum
500 992 533 1020 tu
558 989 750 1032 figmentum,

223 1033 303 1072 Quia
325 1035 420 1074 nosti,
448 1034 499 1067 fac
526 1039 715 1075 proventum

224 1080 342 1112 Contra
365 1082 466 1113 hostis
493 1085 730 1116 tentamentum.

187 1182 195 1188 .
222 1157 302 1195 Ave,
332 1155 454 1188 fructus
481 1157 676 1197 benedictuS,

222 1203 305 1242 Iesu,
335 1204 447 1235 matris
472 1205 526 1244 qui
550 1206 684 1237 amictus

222 1249 309 1282 Luce
335 1249 447 1293 fulges,
474 1250 535 1294 fac,
561 1261 602 1283 ne
626 1252 728 1283 victus

221 1296 287 1328 Sim
310 1297 349 1329 ab
375 1298 467 1330 hoste
490 1307 551 1330 nec
574 1299 715 1332 relictus.

223 1374 303 1414 Ave,
328 1374 411 1416 Iesu,
437 1383 550 1406 nomen
575 1377 710 1415 gratum,

225 1419 347 1451 Nomen
372 1421 461 1460 pacis
483 1422 575 1453 nobis
599 1422 717 1462 datum,

220 1467 309 1506 Quod
338 1471 370 1499 et
394 1477 452 1508 ego
477 1469 655 1501 invocatum

220 1514 344 1553 Quaero
369 1516 457 1555 pacis
483 1516 681 1549 advocatum.

187 1604 194 1610 .
221 1581 301 1619 Ave,
327 1581 400 1612 Iesu
425 1582 584 1623 salutaris,

221 1627 308 1658 Bene
332 1636 446 1667 nempe
471 1629 517 1659 sic
540 1628 675 1668 vocaris,

221 1674 302 1713 Quia
326 1675 412 1706 salus
437 1675 528 1707 nobis
555 1676 641 1708 daris

219 1721 264 1753 Et
288 1722 423 1753 salutem
447 1723 622 1757 meditaris.

184 1822 191 1829 .
217 1797 299 1837 Ave,
324 1801 418 1837 petra
441 1797 543 1830 fluens
568 1798 673 1837 mella,

219 1845 459 1885 Unguentorum
485 1846 627 1886 fraglans
654 1845 744 1886 cella,

218 1892 301 1932 Iesu,
327 1893 437 1925 mundi
463 1894 541 1925 seda
566 1893 661 1933 bella,

218 1939 372 1980 Stentque
395 1939 489 1972 flatus
515 1944 548 1972 et
570 1940 722 1981 procella.

182 2042 190 2050 .
216 2016 297 2056 Ave,
323 2020 434 2056 portus
460 2017 590 2057 requiei,

217 2064 301 2105 Iesu,
327 2063 409 2095 bone
434 2063 480 2096 fili
503 2065 574 2104 Dei,

215 2110 265 2142 Tu
290 2111 430 2143 solamen
456 2113 561 2144 cordis
586 2112 648 2144 mei

215 2159 323 2197 Atque
347 2158 435 2190 lebes
460 2168 550 2191 meae
575 2159 653 2201 spei.

180 2260 188 2268 ,
215 2234 295 2275 Ave,
323 2234 404 2274 Iesu,
430 2244 468 2267 ac
491 2236 623 2277 dignare

214 2281 326 2313 Laude
350 2290 421 2314 mea
445 2285 478 2314 te
502 2284 645 2322 laudare,

213 2328 269 2360 Me
298 2338 428 2369 egenum
453 2331 595 2372 visitare,

213 2376 242 2407 A
271 2376 388 2408 dolosis
414 2377 595 2410 observare.

197 2434 329 2460 Drovos,
346 2434 467 2458 Psalteria
482 2435 637 2465 Rhythmica,
668 2436 688 2460 1.

868 730 899 761 9.
928 729 1005 769 Ave,
1031 736 1152 759 summa
1175 736 1248 766 spes
1273 729 1393 769 salutis,

925 776 1007 816 Iesu,
1033 775 1124 813 virga
1147 776 1181 804 tu
1205 774 1331 806 virtutis

924 823 976 853 Ad
993 831 1050 853 nos
1072 820 1178 860 missa,
1204 829 1329 852 sensum
1346 822 1446 853 brutis

923 869 1029 907 Atque
1053 867 1152 899 verba
1176 867 1276 899 redde
1301 868 1405 902 mutis.

844 945 896 976 10.
923 944 1003 983 Ave,
1029 944 1113 982 Iesu,
1140 942 1240 973 dulcis
1266 944 1374 985 menti,

923 991 1037 1022 Escam
1065 990 1184 1022 donans
1208 992 1239 1020 te
1264 990 1395 1031 timenti,

923 1038 1047 1069 Memor
1071 1039 1137 1068 esto
1163 1037 1341 1067 testamenti

922 1084 966 1116 Et
989 1085 1118 1123 placare
1142 1085 1215 1114 tuae
1239 1083 1334 1123 genti.

843 1160 897 1194 11.
922 1160 1002 1198 Ave,
1028 1159 1110 1198 Iesu,
1136 1158 1191 1189 lux
1215 1161 1333 1198 exorta,

923 1206 1010 1237 Mala
1037 1205 1108 1237 ‹lcle
1134 1205 1197 1236 iam
1222 1204 1362 1246 suborta,

923 1254 960 1285 ln
977 1261 1027 1284 me
1044 1253 1150 1293 plana,
1169 1260 1248 1291 quae
1267 1256 1341 1284 sunt
1352 1256 1446 1294 torta,

920 1300 1037 1332 Mortis
1061 1299 1172 1339 procul
1198 1298 1281 1330 absit
1305 1302 1408 1338 porta.

840 1376 895 1409 12.
923 1377 1003 1416 Ave,
1028 1375 1112 1415 Iesu,
1138 1374 1192 1405 lux
1219 1382 1392 1413 caecorum,

921 1422 1033 1455 Laude
1060 1421 1171 1460 dignus
1196 1429 1375 1462 puerorum,

922 1470 970 1501 Tu
997 1469 1137 1501 deiector
1160 1468 1378 1508 superborum,

922 1516 1111 1548 Sublevator
1137 1523 1314 1555 egenorum.

842 1583 895 1615 13.
922 1585 1000 1625 Ave,
1028 1583 1110 1622 Iesu,
1136 1581 1233 1613 robur
1256 1590 1369 1622 meum,

923 1631 1138 1662 Protectorem
1163 1629 1261 1660 solum
1288 1629 1389 1661 Deum

923 1677 969 1708 Te
992 1677 1100 1717 adoro,
1127 1676 1216 1707 salva
1237 1684 1335 1715 reum,

922 1723 972 1755 Ne
997 1724 1143 1754 devincat
1168 1723 1267 1754 hostis
1293 1731 1372 1755 eum.

842 1800 896 1831 14.
924 1802 1002 1841 Ave,
1029 1799 1111 1837 Iesu,
1137 1796 1195 1829 flos
1219 1798 1358 1837 honoris,

922 1846 1026 1877 Decor
1051 1845 1151 1877 omnis
1176 1847 1211 1875 tu
1237 1845 1370 1885 decoris,

921 1894 1015 1932 Quem
1043 1892 1217 1924 circumdat
1240 1892 1287 1924 vis
1314 1892 1444 1933 doloris,

919 1941 974 1972 Me
998 1939 1103 1972 foveto
1130 1940 1251 1971 cunctis
1276 1940 1372 1973 horiS.

838 2017 893 2049 15.
919 2017 999 2057 Ave,
1024 2017 1108 2055 Iesu,
1138 2024 1251 2054 expers
1276 2016 1373 2056 paris,

920 2064 1021 2103 Galix,
1047 2065 1140 2103 potus
1165 2063 1324 2106 salutaris,

919 2112 993 2151 Ipse
1018 2114 1120 2143 motus
1146 2119 1207 2151 quo
1231 2111 1368 2149 placaris

919 2159 963 2190 Et
986 2168 1044 2199 pro
1070 2166 1150 2198 pace
1174 2157 1264 2189 nobis
1291 2158 1385 2190 daris.

841 2237 892 2268 16.
918 2236 998 2275 Ave,
1025 2235 1121 2273 saluS,
1148 2242 1240 2273 quam
1266 2236 1418 2276 tenemus,

917 2282 1019 2314 Aufer
1042 2281 1135 2323 mala,
1162 2290 1252 2321 quae,
1278 2282 1436 2322 timemus,

916 2330 962 2363 Ut
985 2332 1026 2368 te,
1053 2330 1136 2370 Iesu,
1163 2327 1223 2373 fac,
1251 2338 1401 2370 amemus,

918 2378 955 2409 In
980 2380 1143 2409 aeternum
1169 2378 1200 2407 et
1223 2377 1399 2409 laudemus.
