1650 2612
173 212 226 244 31.

171 615 224 646 32.

170 1018 226 1049 33.

171 1419 226 1451 34.

172 1822 226 1853 35.

167 2226 221 2258 36.

252 212 330 254 Ave,
359 211 444 242 cuius
468 212 556 241 utero

299 258 385 290 Deus
410 259 457 289 est
481 257 607 288 deorum

252 305 368 336 Factus
393 305 495 342 hom0,
521 304 632 334 tollere

297 352 403 390 spinas
430 351 623 391 delictorum,

251 399 275 430 Ο
300 398 410 429 beatus
434 400 541 428 uterus

298 448 329 475 et
351 444 446 486 beati,
473 452 601 483 quorum

253 491 344 523 Fecit,
368 500 402 522 se
423 490 610 529 participem

295 537 396 569 factor
421 537 624 570 saeculorum.

252 615 332 652 Ave,
358 622 415 652 per
440 621 531 651 quam
557 612 707 644 Dominus

297 663 426 691 revocat
449 660 591 697 eiectum,

249 708 345 745 Quem
371 716 390 738 a
413 706 479 737 solo
504 706 628 746 patriae

294 762 426 793 peregre
449 751 625 792 profectum

250 801 394 832 Medicus
421 800 494 830 dum
518 800 637 839 reperit

296 848 379 878 vitiis
402 845 563 886 infectum,

251 894 364 926 Mortis
389 902 499 925 causas
523 893 654 924 abstulit

295 941 387 972 simul
413 943 444 972 et
469 939 620 972 effectum.

253 1016 331 1055 Ave,
355 1019 456 1047 mater
478 1016 606 1054 pariens

296 1062 431 1093 fructum
455 1061 665 1101 benedictum,

251 1110 350 1140 Tactu
376 1110 461 1140 cuius
485 1109 618 1139 solvitur

293 1156 381 1187 Evae
404 1155 616 1194 maledictum,

252 1203 336 1240 Quae
360 1206 556 1241 transgressa
580 1205 698 1233 temere

296 1252 427 1289 tangens
451 1248 654 1280 interdictum

249 1296 436 1327 Transmisit
458 1295 492 1325 in
515 1298 659 1334 posteros

295 1343 422 1374 ultionis
445 1342 552 1375 ictum,

249 1418 329 1457 Ave,
355 1426 413 1456 per
438 1425 527 1455 quam
550 1416 700 1448 Dominus

295 1463 535 1503 apprehendens
560 1466 679 1494 scutum

248 1511 286 1542 In
311 1514 437 1543 extento
462 1510 590 1542 brachio

296 1558 432 1597 perculit
455 1560 601 1597 astutum,

250 1604 370 1644 Quique
392 1608 486 1645 sputo
509 1605 640 1644 proprio

296 1651 513 1691 permiscendo
537 1652 636 1684 lutum

251 1698 350 1730 Caeco
374 1700 478 1730 lumen
503 1698 618 1729 homini

299 1746 442 1778 reddidit
465 1749 598 1777 acutum.

251 1823 330 1860 Ave,
356 1821 508 1860 templum
532 1821 661 1860 gratiae,

295 1869 425 1900 thronus
451 1868 587 1907 deitatis,

248 1915 386 1946 Torrens
410 1914 599 1956 affluentiae,

297 1962 404 1993 domus
427 1961 591 2001 ubertatis,

250 2007 312 2039 Per
338 2011 370 2039 te
394 2008 492 2040 solam
517 2008 643 2039 reddita

295 2064 366 2094 spes
392 2057 440 2086 est
465 2055 650 2094 desperatis,

247 2102 444 2133 Fluctuantis
471 2101 639 2133 anchoram

298 2157 372 2188 rege
395 2152 523 2180 nostrae
547 2150 635 2181 ratiS.

246 2225 326 2264 Ave,
353 2232 462 2255 carens
488 2223 593 2265 simili,

293 2279 449 2311 nunquam
472 2271 652 2310 malignata,

246 2319 417 2359 Dignitatis
441 2317 532 2349 titulo

295 2366 412 2406 duplici
438 2368 557 2409 ornata,

763 113 830 148 156
876 132 923 139 -—·

840 425 896 457 37.

841 828 894 860 38.

838 1231 894 1262 39.

839 1634 894 1667 40.

838 2039 893 2071 41.

925 209 1030 249 Virgo,
1056 212 1157 241 mater
1182 209 1308 249 diceris⁷

968 256 1099 295 iungens
1122 260 1270 296 separata

922 302 967 334 Es
990 305 1164 345 utrumque,
1193 304 1284 335 docet
1306 303 1366 334 hoc

966 348 1045 380 fides
1070 350 1234 382 occultata.

921 425 1001 463 Ave,
1027 425 1129 455 sancti
1153 425 1282 463 spiritus

967 470 1137 502 fecundata
1160 481 1241 510 rore,

924 517 1116 549 Conservato
1141 519 1268 557 pariens

969 565 1123 595 castitatis
1148 563 1234 604 flore,

921 611 1052 649 Quaeso,
1079 612 1160 650 quod
1186 620 1247 643 non
1273 616 1384 652 arguat

969 659 1064 689 iudex
1088 659 1120 689 in
1146 657 1263 699 furore,

920 704 1002 743 Quos
1026 714 1044 736 a
1068 709 1169 736 morte
1193 707 1322 745 proprio

967 752 1102 783 redemit
1126 761 1245 783 cruore.

921 828 1001 866 Ave,
1028 827 1115 865 cnjus
1141 826 1204 858 filio

965 874 1104 913 psalmus
1130 874 1314 906 decantatur

921 921 1056 953 Habitus
1081 929 1138 959 pro
1162 921 1302 962 Idithun,

966 968 999 999 in
1023 976 1082 1007 quo
1108 967 1268 1010 figuratur,

921 1015 979 1053 Qui
1003 1017 1130 1045 terrena
1153 1015 1309 1047 transiens

966 1061 999 1092 in
1023 1061 1084 1093 hoc
1109 1062 1293 1102 delectatur,

919 1108 1013 1146 Quem
1039 1111 1074 1139 ut
1098 1110 1210 1140 mentis
1235 1110 1395 1149 gressibus

966 1158 1059 1194 caput
1084 1159 1300 1195 consequatur.

919 1230 998 1270 Ave,
1024 1230 1258 1262 tabernaculum

965 1277 1048 1316 regis
1072 1278 1280 1318 impollutum,

920 1323 981 1354 Per
1005 1332 1097 1363 quam
1122 1325 1217 1355 solvit
1240 1325 1393 1357 Dominus

966 1379 1025 1409 ope
1051 1371 1243 1413 destitutum,

920 1417 995 1448 Tm's
1018 1417 1091 1449 iuva
1115 1419 1235 1450 meritis

965 1468 1078 1504 sponte
1100 1466 1300 1504 provolutum

916 1512 954 1542 In
979 1511 1080 1542 lacum
1105 1513 1250 1544 miseriae

964 1562 996 1589 et
1018 1559 1051 1589 in
1076 1557 1173 1591 faecis
1198 1560 1311 1593 lutum.

919 1634 1001 1674 Ave,
1027 1635 1102 1666 solis
1127 1636 1248 1677 civitas,

968 1690 1059 1720 quam
1083 1682 1189 1714 David
1215 1684 1324 1726 erexit,

918 1728 968 1760 De
993 1738 1054 1768 qua
1080 1730 1127 1760 sol
1152 1731 1292 1762 iustitiae

966 1775 1048 1807 nube
1072 1779 1172 1808 tectus
1198 1778 1271 1820 exit,

918 1823 977 1862 Qui
1004 1823 1043 1854 de
1066 1824 1193 1857 summis
1218 1834 1392 1865 pauperum

967 1879 1091 1902 causam
1116 1872 1272 1903 intellexit

921 1917 965 1948 Et
988 1921 1115 1956 aegroto
1139 1919 1250 1949 similis

969 1973 1079 2004 aegros
1104 1974 1161 1996 nos
1185 1967 1334 2005 respexit.

921 2039 1001 2081 Ave,
1026 2040 1065 2070 de
1089 2049 1150 2079 qua
1172 2041 1331 2079 prodeunt

969 2086 1121 2117 ubertatis
1146 2087 1217 2127 rivi,

919 2133 968 2164 De
992 2142 1053 2172 qua
1076 2134 1194 2165 munda
1215 2133 1349 2174 profluit

968 2189 1048 2220 aqua
1072 2179 1169 2212 fontis
1193 2181 1268 2221 vivi,

919 2227 1009 2265 Peto,
1035 2230 1146 2269 mater,
1170 2228 1304 2271 veniam⁷

966 2275 1019 2313 qui
1043 2283 1100 2313 per
1122 2274 1232 2306 sordes
1256 2276 1312 2315 ivi,

919 2321 995 2361 Fac,
1018 2324 1054 2352 ut,
1076 2320 1195 2353 fontem
1219 2322 1324 2354 sitiam

966 2369 1065 2409 magis
1090 2377 1182 2408 quam
1207 2370 1302 2404 sitivi.
