1650 2612
174 221 231 252 45.

172 438 228 470 46.

174 656 231 686 47.

684 131 936 166 —177—

257 220 361 262 Salve,
389 222 477 262 virgo
503 224 587 256 vitae
611 228 726 268 rectae,

254 268 306 300 Da
329 272 462 310 peccata
486 280 542 302 nos
567 271 710 311 perfecte

254 312 441 348 Confitendo
469 317 623 360 decorari,

254 362 305 394 Da
330 366 361 394 te
387 371 512 403 semper
535 368 691 400 venerari.

256 438 360 479 Salve,
386 439 486 480 virgo,
509 442 610 473 vellus
635 444 727 483 roris,

253 485 301 517 Tu
329 487 446 518 dilecta
470 489 648 531 salvatoris,

253 532 302 564 Tu
328 542 382 565 cor
406 533 526 566 babens
550 535 755 575 liquefactum

254 579 307 611 Ad
332 580 463 621 ignitum
489 582 548 613 Dei
575 586 702 617 tactum.

257 654 361 695 Salve,
387 665 503 697 sponsa
526 658 609 697 regis
634 659 719 699 almi,

257 703 362 734 Psalle
386 704 454 735 Deo
478 713 555 735 voce
579 706 693 744 psalmi

255 749 300 781 Et,
312 749 361 781 ser
374 759 476 790 opem,
496 760 586 790 quam
602 761 777 793 precamur,

255 796 306 827 Ne
328 797 362 828 in
386 797 479 836 culpa
503 799 682 833 moriamur.

851 228 906 261 48.
934 228 1036 268 Salve,
1063 227 1161 260 nubes
1186 228 1344 269 pluvialis,

851 447 904 477 49.

848 662 902 693 50.

933 276 980 307 Tu
1005 279 1133 316 perusta
1159 275 1245 306 mille
1269 276 1361 308 malis

934 323 1038 356 Corda
1062 324 1172 354 nostra
1196 321 1346 363 refecisti,

932 370 1050 409 Quibus
1074 368 1175 401 Deum
1200 368 1356 403 infudisti.

932 444 1034 484 Salve,
1061 445 1159 485 virgo,
1184 453 1243 476 nec
1267 454 1400 485 morare,

930 491 1030 532 Surge
1053 495 1162 532 portas
1187 501 1339 532 reserare,

928 540 1010 578 Quas
1035 540 1192 570 obstruxit
1211 540 1301 570 homo
1318 540 1448 581 primuS,

929 586 974 618 Ut
997 586 1117 617 intrare
1141 595 1197 617 nos
1222 587 1385 625 possimus.

930 662 1033 701 Salve,
1056 670 1155 701 Virgo,
1181 670 1272 700 quam
1297 662 1390 693 invisi

930 708 1089 747 Nusquam
1115 708 1213 747 tangit
1238 709 1327 740 hasta
1353 709 1423 749 nisi,

928 755 1009 786 Tota
1034 754 1109 786 felix
1135 763 1193 785 nec
1216 756 1329 786 adusta

931 801 1144 840 Qualicunque
1170 810 1204 832 re
1227 802 1354 835 iniusta.

564 884 714 917 Tertia
737 886 1045 926 Quinquagena.

252 947 374 989 Gaude,
400 949 500 989 virgo,
527 950 636 981 mundi
660 951 758 992 sidus,

250 995 381 1037 Domus,
391 999 518 1037 tectum,
535 1006 622 1028 mons
633 1000 661 1029 et
672 998 765 1029 nidus

253 1042 314 1074 Ubi
341 1051 452 1082 passer
477 1044 626 1085 solitaris,

251 1090 323 1121 Iesu
348 1090 480 1128 Christe,
510 1091 691 1125 demoraris.

768 1023 776 1038 ⁷

252 1164 374 1204 Gaude,
402 1165 490 1205 virgo
517 1166 663 1205 delicata,

248 1212 356 1243 Mater
382 1212 482 1244 virum
510 1212 690 1253 dedignata,

250 1259 312 1290 Per
337 1262 369 1290 te
395 1259 489 1291 datur
512 1259 597 1290 vitae
624 1261 715 1291 dator

248 1305 293 1337 Et
316 1305 465 1345 perennis
490 1306 666 1339 miserator.

213 1406 220 1413 .
248 1381 370 1423 Gaude,
397 1381 496 1423 virgo,
524 1385 609 1413 terra
633 1382 725 1422 bona,

247 1429 296 1460 Tu
321 1429 441 1469 petenti
467 1429 543 1460 mihi
568 1430 651 1461 dona

248 1476 367 1507 Panem
394 1476 434 1508 de
459 1478 491 1507 te
515 1480 724 1520 procreatum,

249 1523 363 1555 Vinum
388 1531 465 1555 vera
489 1523 553 1554 vite
578 1527 696 1557 natum.

216 1623 223 1630 .
252 1598 373 1640 Gaude,
399 1601 500 1630 mater
523 1599 638 1639 Ioseph
663 1601 740 1640 veri,

249 1646 299 1678 Ab
326 1648 458 1686 utraque
483 1645 535 1684 qui
563 1647 642 1677 tucri

251 1693 383 1733 Semper
407 1691 491 1724 fame
514 1702 571 1724 nos
597 1693 753 1735 dignetur,

252 1741 314 1772 Per
338 1743 370 1771 te
394 1740 474 1772 illud
500 1740 698 1779 impetretur.

216 1842 223 1848 .
251 1816 372 1855 Gaude,
398 1815 498 1857 virgo,
525 1818 555 1847 et
580 1816 731 1855 praebeto

253 1865 356 1897 Unam
381 1863 457 1895 mihi
476 1872 552 1901 rem,
579 1873 670 1903 quam
689 1867 774 1905 peto,

250 1912 305 1944 Me
330 1912 362 1943 in
389 1915 442 1943 tuo
468 1911 600 1942 salutari

249 1960 302 1992 Ad
328 1960 463 1991 salutem
488 1958 622 1991 visitari.

248 2035 369 2079 Gaude,
402 2035 500 2075 virgo,
528 2033 598 2066 fons
623 2034 773 2074 signatus,

247 2084 343 2117 Cuius
368 2091 526 2123 nunquam
553 2082 688 2114 violatus

248 2132 367 2163 Venter
391 2130 476 2162 fudit
500 2130 744 2169 redemptorem,

246 2179 478 2218 oppressorum
506 2184 693 2217 ereptorem.

213 2280 220 2286 .
248 2255 371 2299 Gaude,
398 2253 498 2293 virgo,
525 2256 557 2284 et
580 2253 728 2295 implora,

248 2303 303 2335 Uti
329 2311 430 2334 meum
455 2301 539 2333 omni
565 2301 643 2333 hora

247 2350 309 2382 Cor
333 2353 491 2391 paratum,
517 2349 599 2390 lene,
625 2357 760 2388 pronum

244 2397 293 2430 Sit
317 2398 359 2430 ad
384 2406 476 2430 omne
501 2406 580 2437 opus
607 2397 733 2429 bonum.

213 2457 343 2484 Dreves.
361 2455 482 2480 Psaltoria
498 2455 652 2484 Rhythmica.
685 2455 705 2478 1.

871 954 900 984 8.

845 1384 899 1416 10.

847 1601 901 1635 11.

848 1817 900 1848 12.

847 2036 899 2068 13.

848 2254 901 2286 14.

930 952 1049 993 Gaude,
1075 955 1174 991 virgo,
1200 955 1285 983 vitae
1311 953 1426 992 datrix,

927 999 979 1031 Ad
1007 1003 1045 1041 te,
1075 998 1162 1031 dives
1186 1000 1381 1042 imperatrix,

929 1045 1037 1078 Clamo
1063 1054 1183 1085 pauper
1207 1050 1239 1077 et
1263 1054 1378 1086 egenus

926 1093 971 1124 Et
994 1101 1143 1124 aerumna
1167 1093 1266 1124 multa
1289 1094 1411 1132 plenus,

926 1168 1045 1209 Gaude,
1072 1167 1171 1207 virgo,
1198 1170 1228 1198 et
1252 1176 1292 1198 ne
1317 1168 1401 1200 sinas

926 1214 1001 1246 Sion
1026 1223 1131 1246 muros
1157 1218 1189 1245 et
1211 1219 1320 1246 ruinas

925 1261 999 1293 Sine
1024 1261 1113 1293 nobis
1137 1261 1290 1301 reparari,

924 1308 991 1340 Fac
1016 1309 1057 1340 ad
1081 1308 1153 1340 illos
1178 1317 1234 1339 nos
1260 1309 1420 1348 quadrari.

927 1384 1047 1423 Gaude,
1073 1383 1172 1424 virgo,
1200 1383 1287 1415 cuius
1311 1384 1426 1421 vultus,

924 1431 1043 1473 Mores,
1072 1434 1170 1461 motus
1206 1429 1317 1471 forma,
1336 1431 1448 1471 cultus,

925 1479 1045 1511 Cuncta
1061 1477 1189 1518 placent
1205 1478 1246 1509 ad
1260 1476 1446 1521 perfectum,

924 1526 960 1557 111
987 1529 1018 1557 te
1043 1525 1122 1557 nihil
1147 1528 1195 1556 est
1219 1526 1407 1564 neglectum.

928 1601 1049 1641 Gaude,
1075 1603 1174 1640 virgo,
1201 1600 1273 1640 agni
1299 1604 1407 1640 nupta,

926 1649 1017 1689 Opto,
1046 1650 1146 1679 mater
1170 1648 1366 1687 incorrupta.

927 1695 1031 1735 Larga
1056 1694 1147 1727 nimis
1174 1698 1205 1725 et
1229 1693 1316 1726 felici

925 1743 1024 1774 Manu
1049 1745 1103 1773 tua
1127 1741 1283 1775 benedici.

928 1816 1048 1855 Gaude,
1077 1819 1175 1856 virgo,
1201 1820 1297 1849 nauta
1322 1818 1450 1861 mundo,

927 1864 976 1895 ,Ne
1000 1873 1177 1905 mergamur
1201 1864 1234 1895 in
1260 1864 1428 1906 profundo,

927 1911 998 1943 Duc
1016 1913 1055 1944 de
1072 1914 1165 1952 porta
1183 1920 1239 1942 nos
1255 1913 1295 1943 ad
1314 1916 1449 1956 portum,

926 1959 991 1991 Fer
1014 1960 1056 1992 ad
1080 1959 1146 1990 veri
1173 1959 1248 1990 solis
1274 1962 1386 1992 ortum.

927 2035 1048 2075 Gaude,
1074 2034 1175 2076 virgo,
1201 2044 1294 2074 quam
1319 2035 1442 2069 sincero

927 2083 1029 2115 Corde
1055 2091 1180 2121 semper
1205 2091 1274 2114 esse
1299 2092 1392 2123 spero

927 2131 1018 2163 Vitae
1042 2139 1129 2162 meae
1153 2130 1376 2169 protectricem

925 2178 970 2210 Et
994 2177 1105 2210 salutis
1130 2177 1337 2217 largItricem.

929 2253 1050 2295 Gaude,
1077 2253 1165 2293 virgo
1189 2253 1392 2296 laetabunda,

927 2303 989 2334 Per
1014 2306 1046 2334 te
1070 2300 1172 2333 vivam
1200 2310 1268 2333 cum
1296 2302 1434 2335 iucunda

924 2349 1107 2382 Electorum
1133 2348 1277 2380 contione

926 2398 963 2430 In
988 2397 1129 2431 vivorum
1157 2396 1295 2437 regione.
