1650 2612
186 211 242 243 25.

185 619 240 650 26.

186 1026 241 1057 27.

180 1431 236 1466 28.

179 1839 234 1871 29.

175 2251 231 2282 30.

693 118 949 153 —225—

269 210 374 252 Salve,
400 219 458 252 per
483 221 575 252 quam
600 213 633 244 in
658 213 779 245 Iudaea

314 258 469 290 Dominus
494 259 640 299 innotuit,

267 305 351 337 Dum
376 314 538 338 assumens
564 316 602 338 ex
619 310 651 338 te
668 316 794 339 carnem

314 353 441 385 humilis
466 355 623 393 apparuit,

269 400 453 432 Innotescat
476 401 567 433 nobis
592 401 679 433 Deus

314 457 398 479 nunc
423 448 549 487 quidem
575 457 633 487 per
656 449 792 488 speciem

268 494 502 537 Cognoscendo,
528 495 563 526 in
587 494 693 527 futuro

314 541 397 574 facie
423 542 466 573 ad
491 541 614 575 faciem.

267 618 370 660 Salve,
395 626 454 659 per
479 627 570 658 quam
596 620 702 650 notam
719 617 795 649 fecit

314 666 463 697 virtutem
488 665 520 696 in
546 665 672 704 populis

265 713 316 744 Ab
343 713 481 744 aeternis
505 712 635 744 verbum
662 712 722 744 Dei

314 770 371 792 nos
393 759 560 792 absolvens
585 760 731 799 vinculis,

267 808 329 839 Per
353 811 395 848 te,
421 809 532 847 mater.
560 815 637 846 quos
658 806 793 838 redemit

313 853 390 886 forti
415 862 529 893 regens
553 853 683 885 brachio

267 902 419 934 Elevatos
445 910 464 932 a
489 901 615 932 caducis

315 950 473 981 caelorum
496 948 529 979 in
555 948 680 988 gaudio.

268 1024 372 1064 Salve,
398 1032 457 1064 per
481 1032 573 1063 quam
598 1023 779 1063 angelorum

314 1080 426 1111 panem
452 1070 717 1111 manducavimus,

266 1118 405 1150 Verbum
430 1117 491 1149 Dei
511 1125 635 1148 carnem
661 1116 778 1147 factum

313 1174 371 1205 per
396 1169 428 1196 te
453 1173 521 1195 cum
547 1164 751 1204 suscepimus,

265 1212 314 1244 Sit
336 1213 368 1243 in
394 1212 446 1243 via
471 1212 584 1243 ductor
607 1211 697 1244 nobis

311 1258 408 1291 virtus
435 1262 467 1291 et
491 1258 651 1298 viaticum,

264 1307 359 1339 Cuius
386 1315 500 1345 corpus
525 1313 609 1336 nunc
631 1305 665 1336 in
689 1314 773 1344 pane

312 1362 421 1386 verum
445 1355 493 1384 est
519 1355 550 1384 et
574 1352 750 1391 mysticum.

264 1430 367 1473 Saive,
395 1437 453 1470 per
478 1437 570 1468 quam
592 1436 649 1459 nos
663 1428 789 1460 adiuvit

308 1477 395 1509 Deus
420 1476 615 1515 salutarium,

262 1524 388 1556 Nostris
414 1524 466 1562 pie
491 1532 524 1554 se
548 1523 688 1562 peccatis

312 1571 464 1603 exhibens
490 1570 672 1609 propitium,

264 1618 313 1650 Ne
337 1619 459 1658 polluto
485 1617 589 1648 cordis
614 1617 731 1656 templo

310 1667 422 1705 pereat
445 1664 616 1706 hereditas,

266 1713 447 1745 Vicinorum
473 1711 564 1743 nobis
589 1715 697 1751 gentes

309 1760 410 1792 redde
433 1759 524 1791 nobis
549 1759 703 1791 subditas.

263 1837 366 1876 Salve,
393 1844 451 1876 per
476 1844 569 1875 quam
590 1837 699 1874 pastor
715 1835 785 1874 pius

309 1888 468 1916 errantem
493 1892 512 1914 a
536 1882 660 1921 superis

259 1931 331 1964 Suis
357 1940 446 1964 ovem
472 1931 514 1962 ad
539 1930 622 1961 ovile

306 1978 482 2020 reportavit
505 1977 633 2018 umeris,

259 2028 326 2060 Nos
351 2026 531 2066 intendens,
549 2034 607 2056 nos
627 2025 785 2057 deducens

303 2076 344 2108 ab
368 2082 477 2107 errore
501 2075 638 2111 revocet,

257 2125 303 2158 Ut
328 2124 367 2156 ab
396 2121 506 2155 hoedis
532 2123 713 2161 segregatos

306 2172 435 2204 dextros
461 2168 523 2201 sibi
550 2168 692 2200 collocet.

258 2249 363 2291 Salve,
378 2255 436 2288 per
450 2255 543 2286 quam
558 2253 664 2277 omnes
675 2246 783 2284 gentes

305 2297 464 2328 exsultant
488 2295 521 2325 in
547 2292 692 2331 Domino,

255 2345 339 2385 Quas
362 2342 499 2375 redemit
515 2343 617 2373 morte
638 2339 782 2374 Christus

302 2392 342 2424 ab
367 2390 508 2431 Aegypti
533 2388 680 2429 cophino,

216 2452 237 2474 D
244 2458 274 2474 re
281 2457 296 2473 v
302 2457 314 2473 e
321 2457 333 2473 s
339 2468 345 2478 ,
362 2449 483 2473 Psalteria
499 2448 653 2476 Rhythmica.
684 2447 704 2470 1.

864 432 918 463 31.

862 836 916 868 32.

856 1648 911 1680 34.

854 2056 908 2088 35.

946 214 1013 246 Nos
1038 223 1058 246 a
1083 212 1175 244 domo
1199 211 1376 244 Pharaonis

993 261 1033 292 de
1057 261 1132 298 luto,
1162 259 1202 290 de
1225 258 1326 290 latere

944 309 996 340 Ad
1023 315 1159 347 superna
1184 309 1312 345 praesta
1335 305 1424 345 pacis

994 355 1144 387 visionem
1168 353 1309 385 tendere.

945 430 1048 470 Salve,
1067 437 1124 469 per
1136 438 1228 469 quam
1247 437 1304 460 nos
1323 428 1464 459 excelsus

990 478 1146 517 adoptans
1170 476 1203 507 in
1227 474 1310 507 filios

945 523 1029 555 Deos
1055 523 1131 555 fecit
1156 525 1187 554 et
1213 523 1337 554 divinae

993 570 1162 603 voluntatis
1184 570 1335 608 conscios,

943 616 1007 649 Per
1030 621 1073 661 te,
1098 617 1195 660 virgo,
1223 625 1292 648 cum
1318 618 1469 657 exsurget

990 665 1076 697 Deus
1101 665 1142 695 ad
1166 664 1327 703 iudicium,

944 712 1062 751 Quibus
1087 719 1198 742 nomen
1226 711 1286 742 Dei
1313 710 1411 750 dedit,

992 760 1088 791 donet
1112 761 1143 789 et
1169 758 1371 790 consortium.

943 835 1046 876 Salve,
1060 842 1118 874 per
1130 843 1223 873 quam
1235 842 1291 864 rex
1306 833 1463 865 caeiorum

989 882 1081 914 nobis
1105 879 1209 912 factus
1232 880 1345 911 similis

943 930 980 961 In
1006 928 1112 960 futuro
1137 928 1233 959 iudex
1258 928 1319 958 eiit

989 976 1090 1007 iustus
1117 977 1148 1006 et
1172 974 1334 1015 terribilis,

942 1023 993 1054 Da
1017 1023 1064 1054 sic
1088 1022 1170 1053 diem
1194 1022 1380 1061 praevenire

989 1069 1145 1101 tremendi
1168 1069 1288 1109 iudicii,

940 1117 984 1149 Ut
1010 1126 1078 1149 cum
1103 1115 1227 1147 Christo
1252 1115 1422 1146 coheredes

987 1164 1053 1195 veri
1078 1163 1174 1195 simus
1199 1162 1316 1202 gaudii.

907 1266 913 1272 .
940 1240 1044 1279 Salve,
1071 1237 1132 1270 Dei
1157 1247 1237 1278 quae
1263 1238 1412 1269 dilectum

986 1286 1071 1319 facta
1095 1285 1343 1326 tabernaculum,

938 1335 1013 1368 Cum
1041 1337 1073 1365 te
1095 1332 1157 1364 sibi
1180 1332 1356 1372 praeelegit

987 1382 1130 1415 Christus
1155 1380 1380 1420 habitaculum,

938 1429 975 1461 In
1001 1430 1150 1461 virtutem
1176 1427 1215 1458 de
1240 1427 1358 1458 virtute

984 1479 1018 1508 tu
1042 1484 1099 1508 nos
1125 1473 1177 1506 fac
1201 1474 1383 1514 ascendere,

938 1524 983 1556 Ut
1006 1524 1039 1555 in
1064 1523 1138 1555 Sion
1160 1521 1221 1553 Dei
1246 1522 1367 1553 vultum

986 1572 1146 1603 valeamus
1173 1578 1312 1602 cernere.

938 1646 1041 1689 Salve,
1066 1654 1124 1686 per
1149 1655 1241 1685 quam
1267 1649 1314 1677 est
1338 1655 1450 1677 aversa

987 1694 1145 1725 hominum
1168 1693 1346 1733 captivitas,

940 1742 1015 1774 Cum
1043 1742 1083 1773 de
1107 1744 1194 1772 terra
1218 1744 1266 1772 est
1291 1744 1400 1772 exorta

987 1789 1090 1820 carnis
1116 1790 1243 1820 nostrae
1267 1788 1396 1831 veritas,

939 1836 999 1868 Per
1024 1839 1065 1876 te,
1092 1835 1191 1877 virgo,
1219 1844 1295 1874 quos
1317 1836 1357 1867 de
1374 1836 1460 1867 caelo

983 1883 1151 1924 prospexit
1173 1882 1304 1924 iustitia,

937 1930 1064 1964 Veritas
1090 1933 1200 1961 exorta
1224 1930 1327 1962 salvet

984 1980 1016 2010 et
1039 1977 1267 2011 misericordia.

936 2055 1039 2095 Salve,
1070 2062 1129 2094 per
1154 2063 1246 2094 quam
1272 2063 1310 2086 ex
1335 2054 1459 2087 inferno

983 2102 1126 2135 Christus
1151 2110 1208 2133 nos
1233 2102 1360 2144 eripuit,

935 2150 1010 2183 Cum
1038 2158 1204 2189 resurgens
1230 2150 1352 2190 signum
1369 2150 1461 2182 nobis

979 2197 1177 2236 Resurgendi
1200 2197 1359 2237 praebuit,

933 2246 964 2278 A
988 2244 1128 2285 peccatis
1152 2245 1186 2276 in
1210 2245 1380 2286 praesenti,

980 2294 1078 2336 virgo,
1104 2292 1156 2325 fac
1182 2301 1360 2333 exsurgere,

934 2342 979 2375 Ut
1003 2341 1044 2373 ad
1069 2340 1166 2373 vitam
1190 2340 1223 2372 in
1248 2339 1354 2373 futuro

980 2389 1135 2429 possimus
1158 2397 1333 2428 resurgere.
