<?xml version="1.0" encoding="UTF-8"?>
<!DOCTYPE html PUBLIC "-//W3C//DTD XHTML 1.0 Transitional//EN"
    "http://www.w3.org/TR/xhtml1/DTD/xhtml1-transitional.dtd">
<html xmlns="http://www.w3.org/1999/xhtml" xml:lang="en" lang="en">
 <head>
  <title>
</title>
<meta http-equiv="Content-Type" content="text/html;charset=utf-8" />
  <meta name='ocr-system' content='tesseract 3.04.00' />
  <meta name='ocr-capabilities' content='ocr_page ocr_carea ocr_par ocr_line ocrx_word'/>
</head>
<body>
  <div class='ocr_page' id='page_1' title='image "./analectahymnica35drevuoft_00175.png"; bbox 0 0 1650 2612; ppageno 0'>
   <div class='ocr_carea' id='block_1_1' title="bbox 196 876 717 917">
    <p class='ocr_par' dir='ltr' id='par_1_1' title="bbox 196 876 717 917">
     <span class='ocr_line' id='line_1_1' title="bbox 196 876 717 917; baseline -0.006 -8"><span class='ocrx_word' id='word_1_1' title='bbox 196 879 227 909; x_wconf 86' lang='lat'>1.</span> <span class='ocrx_word' id='word_1_2' title='bbox 252 878 331 916; x_wconf 85' lang='lat' dir='ltr'>Ave,</span> <span class='ocrx_word' id='word_1_3' title='bbox 358 877 456 917; x_wconf 81' lang='lat' dir='ltr'>virgo,</span> <span class='ocrx_word' id='word_1_4' title='bbox 481 876 566 907; x_wconf 87' lang='lat' dir='ltr'>vitae</span> <span class='ocrx_word' id='word_1_5' title='bbox 589 876 717 916; x_wconf 82' lang='lat' dir='ltr'>lignum,</span> 
     </span>
    </p>
   </div>
   <div class='ocr_carea' id='block_1_2' title="bbox 522 626 1126 660">
    <p class='ocr_par' dir='ltr' id='par_1_2' title="bbox 522 626 1126 660">
     <span class='ocr_line' id='line_1_2' title="bbox 522 626 1126 660; baseline -0.005 -1"><span class='ocrx_word' id='word_1_6' title='bbox 522 628 587 659; x_wconf 92' lang='lat' dir='ltr'>XII.</span> <span class='ocrx_word' id='word_1_7' title='bbox 618 629 806 660; x_wconf 68' lang='lat' dir='ltr'>psalterium</span> <span class='ocrx_word' id='word_1_8' title='bbox 825 627 937 658; x_wconf 84' lang='lat' dir='ltr'>beatae</span> <span class='ocrx_word' id='word_1_9' title='bbox 956 627 1073 657; x_wconf 83' lang='lat' dir='ltr'>Mariae</span> <span class='ocrx_word' id='word_1_10' title='bbox 1093 626 1126 655; x_wconf 91' lang='lat' dir='ltr'>V.</span> 
     </span>
    </p>
   </div>
   <div class='ocr_carea' id='block_1_3' title="bbox 546 697 1102 730">
    <p class='ocr_par' dir='ltr' id='par_1_3' title="bbox 546 697 1102 730">
     <span class='ocr_line' id='line_1_3' title="bbox 546 697 1102 730; baseline -0.002 -1"><span class='ocrx_word' id='word_1_11' title='bbox 546 702 654 730; x_wconf 84' lang='lat' dir='ltr'>sancto</span> <span class='ocrx_word' id='word_1_12' title='bbox 679 699 917 730; x_wconf 83' lang='lat' dir='ltr'>Bonaventurae</span> <span class='ocrx_word' id='word_1_13' title='bbox 940 697 1102 728; x_wconf 83' lang='lat' dir='ltr'>tributum.</span> 
     </span>
    </p>
   </div>
   <div class='ocr_carea' id='block_1_4' title="bbox 589 800 1061 841">
    <p class='ocr_par' dir='ltr' id='par_1_4' title="bbox 589 800 1061 841">
     <span class='ocr_line' id='line_1_4' title="bbox 589 800 1061 841; baseline -0.004 -8"><span class='ocrx_word' id='word_1_14' title='bbox 589 801 727 833; x_wconf 87' lang='lat' dir='ltr'>Prima</span> <span class='ocrx_word' id='word_1_15' title='bbox 751 800 1061 841; x_wconf 81' lang='lat' dir='ltr'>Quinquagena.</span> 
     </span>
    </p>
   </div>
   <div class='ocr_carea' id='block_1_5' title="bbox 890 875 1382 916">
    <p class='ocr_par' dir='ltr' id='par_1_5' title="bbox 890 875 1382 916">
     <span class='ocr_line' id='line_1_5' title="bbox 890 875 1382 916; baseline -0.004 -8"><span class='ocrx_word' id='word_1_16' title='bbox 890 877 920 908; x_wconf 89' lang='grc'>8.</span> <span class='ocrx_word' id='word_1_17' title='bbox 946 876 1026 916; x_wconf 82' lang='lat' dir='ltr'>Ave,</span> <span class='ocrx_word' id='word_1_18' title='bbox 1051 876 1139 914; x_wconf 84' lang='lat' dir='ltr'>virgo</span> <span class='ocrx_word' id='word_1_19' title='bbox 1164 875 1259 913; x_wconf 86' lang='lat' dir='ltr'>plena</span> <span class='ocrx_word' id='word_1_20' title='bbox 1283 875 1382 916; x_wconf 82' lang='lat' dir='ltr'>bonis,</span> 
     </span>
    </p>
   </div>
   <div class='ocr_carea' id='block_1_6' title="bbox 254 923 772 1049">
    <p class='ocr_par' dir='ltr' id='par_1_6' title="bbox 254 923 772 1049">
     <span class='ocr_line' id='line_1_6' title="bbox 255 923 772 962; baseline -0.002 -7"><span class='ocrx_word' id='word_1_21' title='bbox 255 924 344 962; x_wconf 67' lang='lat' dir='ltr'>Quod</span> <span class='ocrx_word' id='word_1_22' title='bbox 370 923 500 962; x_wconf 85' lang='lat' dir='ltr'>perenni</span> <span class='ocrx_word' id='word_1_23' title='bbox 521 923 617 953; x_wconf 77' lang='lat' dir='ltr'>laude</span> <span class='ocrx_word' id='word_1_24' title='bbox 635 924 772 962; x_wconf 84' lang='lat' dir='ltr'>dignum,</span> 
     </span>
     <span class='ocr_line' id='line_1_7' title="bbox 256 970 710 1008; baseline -0.004 -6"><span class='ocrx_word' id='word_1_25' title='bbox 256 970 348 1002; x_wconf 87' lang='lat' dir='ltr'>Salvo</span> <span class='ocrx_word' id='word_1_26' title='bbox 373 973 454 1006; x_wconf 82' lang='lat' dir='ltr'>voto,</span> <span class='ocrx_word' id='word_1_27' title='bbox 479 970 562 1008; x_wconf 88' lang='lat' dir='ltr'>quod</span> <span class='ocrx_word' id='word_1_28' title='bbox 587 970 710 1007; x_wconf 76' lang='lat' dir='ltr'>vovisti,</span> 
     </span>
     <span class='ocr_line' id='line_1_8' title="bbox 254 1016 704 1049; baseline 0.002 -1"><span class='ocrx_word' id='word_1_29' title='bbox 254 1018 375 1049; x_wconf 85' lang='lat' dir='ltr'>Mundo</span> <span class='ocrx_word' id='word_1_30' title='bbox 401 1016 534 1048; x_wconf 77' lang='lat' dir='ltr'>fructum</span> <span class='ocrx_word' id='word_1_31' title='bbox 561 1016 704 1049; x_wconf 75' lang='lat' dir='ltr'><strong>attulisti.</strong></span> 
     </span>
    </p>
   </div>
   <div class='ocr_carea' id='block_1_7' title="bbox 223 1099 796 1281">
    <p class='ocr_par' dir='ltr' id='par_1_7' title="bbox 223 1099 587 1141">
     <span class='ocr_line' id='line_1_9' title="bbox 223 1099 587 1141; baseline -0.008 -8"><span class='ocrx_word' id='word_1_32' title='bbox 223 1126 230 1133; x_wconf 95' lang='lat'>.</span> <span class='ocrx_word' id='word_1_33' title='bbox 255 1102 334 1141; x_wconf 88' lang='lat' dir='ltr'>Ave,</span> <span class='ocrx_word' id='word_1_34' title='bbox 360 1102 410 1132; x_wconf 85' lang='lat' dir='ltr'>cui</span> <span class='ocrx_word' id='word_1_35' title='bbox 434 1101 502 1130; x_wconf 89' lang='lat' dir='ltr'>sine</span> <span class='ocrx_word' id='word_1_36' title='bbox 526 1099 587 1131; x_wconf 92' lang='lat' dir='ltr'>fine</span> 
     </span>
    </p>

    <p class='ocr_par' dir='ltr' id='par_1_8' title="bbox 252 1147 697 1188">
     <span class='ocr_line' id='line_1_10' title="bbox 252 1147 697 1188; baseline -0.002 -10"><span class='ocrx_word' id='word_1_37' title='bbox 252 1148 353 1187; x_wconf 83' lang='lat' dir='ltr'>Reges</span> <span class='ocrx_word' id='word_1_38' title='bbox 378 1149 482 1178; x_wconf 83' lang='lat' dir='ltr'>astant</span> <span class='ocrx_word' id='word_1_39' title='bbox 506 1150 538 1177; x_wconf 91' lang='lat' dir='ltr'>et</span> <span class='ocrx_word' id='word_1_40' title='bbox 561 1147 697 1188; x_wconf 84' lang='lat' dir='ltr'>reginae,</span> 
     </span>
    </p>

    <p class='ocr_par' dir='ltr' id='par_1_9' title="bbox 255 1193 796 1281">
     <span class='ocr_line' id='line_1_11' title="bbox 255 1193 662 1236; baseline -0.002 -10"><span class='ocrx_word' id='word_1_41' title='bbox 255 1195 302 1226; x_wconf 85' lang='lat' dir='ltr'>Tu</span> <span class='ocrx_word' id='word_1_42' title='bbox 327 1195 435 1234; x_wconf 86' lang='lat' dir='ltr'>regina</span> <span class='ocrx_word' id='word_1_43' title='bbox 459 1193 662 1236; x_wconf 81' lang='lat' dir='ltr'>saeculorum,</span> 
     </span>
     <span class='ocr_line' id='line_1_12' title="bbox 257 1240 796 1281; baseline 0.002 -9"><span class='ocrx_word' id='word_1_44' title='bbox 257 1241 375 1281; x_wconf 85' lang='lat' dir='ltr'>Regum</span> <span class='ocrx_word' id='word_1_45' title='bbox 401 1240 548 1280; x_wconf 80' lang='lat' dir='ltr'>princeps</span> <span class='ocrx_word' id='word_1_46' title='bbox 574 1244 605 1270; x_wconf 89' lang='lat' dir='ltr'>et</span> <span class='ocrx_word' id='word_1_47' title='bbox 621 1249 796 1280; x_wconf 87' lang='lat' dir='ltr'>regnorum.</span> 
     </span>
    </p>
   </div>
   <div class='ocr_carea' id='block_1_8' title="bbox 223 1324 778 1499">
    <p class='ocr_par' dir='ltr' id='par_1_10' title="bbox 223 1324 778 1460">
     <span class='ocr_line' id='line_1_13' title="bbox 223 1324 778 1366; baseline -0.004 -9"><span class='ocrx_word' id='word_1_48' title='bbox 223 1351 230 1358; x_wconf 92' lang='lat'>.</span> <span class='ocrx_word' id='word_1_49' title='bbox 254 1326 334 1366; x_wconf 85' lang='lat' dir='ltr'>Ave,</span> <span class='ocrx_word' id='word_1_50' title='bbox 361 1324 475 1364; x_wconf 88' lang='lat' dir='ltr'>David,</span> <span class='ocrx_word' id='word_1_51' title='bbox 502 1333 628 1363; x_wconf 87' lang='lat' dir='ltr'>germen</span> <span class='ocrx_word' id='word_1_52' title='bbox 652 1325 778 1365; x_wconf 86' lang='lat' dir='ltr'>iustum,</span> 
     </span>
     <span class='ocr_line' id='line_1_14' title="bbox 256 1370 683 1411; baseline -0.007 -7"><span class='ocrx_word' id='word_1_53' title='bbox 256 1373 302 1405; x_wconf 87' lang='lat' dir='ltr'>Ut</span> <span class='ocrx_word' id='word_1_54' title='bbox 326 1372 453 1403; x_wconf 81' lang='lat' dir='ltr'>vitalem</span> <span class='ocrx_word' id='word_1_55' title='bbox 477 1370 537 1402; x_wconf 90' lang='lat' dir='ltr'>Dei</span> <span class='ocrx_word' id='word_1_56' title='bbox 562 1374 683 1411; x_wconf 87' lang='lat' dir='ltr'>gustum</span> 
     </span>
     <span class='ocr_line' id='line_1_15' title="bbox 256 1418 605 1460; baseline -0.006 -10"><span class='ocrx_word' id='word_1_57' title='bbox 256 1419 436 1450; x_wconf 86' lang='lat' dir='ltr'>Mereamur</span> <span class='ocrx_word' id='word_1_58' title='bbox 459 1418 605 1460; x_wconf 82' lang='lat' dir='ltr'>experin&#39;,</span> 
     </span>
    </p>

    <p class='ocr_par' dir='ltr' id='par_1_11' title="bbox 257 1465 735 1499">
     <span class='ocr_line' id='line_1_16' title="bbox 257 1465 735 1499; baseline -0.004 -2"><span class='ocrx_word' id='word_1_59' title='bbox 257 1467 324 1498; x_wconf 76' lang='lat' dir='ltr'>Fac</span> <span class='ocrx_word' id='word_1_60' title='bbox 350 1466 389 1497; x_wconf 90' lang='lat' dir='ltr'>de</span> <span class='ocrx_word' id='word_1_61' title='bbox 412 1467 517 1496; x_wconf 85' lang='lat' dir='ltr'>monte</span> <span class='ocrx_word' id='word_1_62' title='bbox 541 1474 597 1496; x_wconf 90' lang='lat' dir='ltr'>nos</span> <span class='ocrx_word' id='word_1_63' title='bbox 622 1465 735 1499; x_wconf 84' lang='lat' dir='ltr'>audiri,</span> 
     </span>
    </p>
   </div>
   <div class='ocr_carea' id='block_1_9' title="bbox 222 1548 715 1729">
    <p class='ocr_par' dir='ltr' id='par_1_12' title="bbox 222 1548 676 1675">
     <span class='ocr_line' id='line_1_17' title="bbox 222 1548 669 1592; baseline -0.007 -9"><span class='ocrx_word' id='word_1_64' title='bbox 222 1577 229 1584; x_wconf 91' lang='lat'>.</span> <span class='ocrx_word' id='word_1_65' title='bbox 254 1551 333 1592; x_wconf 82' lang='lat' dir='ltr'>Ave,</span> <span class='ocrx_word' id='word_1_66' title='bbox 361 1551 447 1590; x_wconf 82' lang='lat' dir='ltr'>virgo</span> <span class='ocrx_word' id='word_1_67' title='bbox 472 1548 539 1580; x_wconf 88' lang='lat' dir='ltr'>Deo</span> <span class='ocrx_word' id='word_1_68' title='bbox 565 1549 669 1590; x_wconf 81' lang='lat' dir='ltr'>digna,</span> 
     </span>
     <span class='ocr_line' id='line_1_18' title="bbox 254 1596 676 1635; baseline -0.005 -7"><span class='ocrx_word' id='word_1_69' title='bbox 254 1596 354 1628; x_wconf 82' lang='lat' dir='ltr'>Serva</span> <span class='ocrx_word' id='word_1_70' title='bbox 378 1600 448 1627; x_wconf 83' lang='lat' dir='ltr'>tuos</span> <span class='ocrx_word' id='word_1_71' title='bbox 473 1598 506 1626; x_wconf 79' lang='lat' dir='ltr'>et</span> <span class='ocrx_word' id='word_1_72' title='bbox 528 1597 676 1635; x_wconf 72' lang='lat' dir='ltr'>consigna</span> 
     </span>
     <span class='ocr_line' id='line_1_19' title="bbox 255 1641 554 1675; baseline -0.01 0"><span class='ocrx_word' id='word_1_73' title='bbox 255 1643 340 1675; x_wconf 80' lang='lat' dir='ltr'>Luce</span> <span class='ocrx_word' id='word_1_74' title='bbox 365 1646 437 1675; x_wconf 80' lang='lat' dir='ltr'>tuae</span> <span class='ocrx_word' id='word_1_75' title='bbox 462 1641 554 1673; x_wconf 81' lang='lat' dir='ltr'>faciei</span> 
     </span>
    </p>

    <p class='ocr_par' dir='ltr' id='par_1_13' title="bbox 256 1689 715 1729">
     <span class='ocr_line' id='line_1_20' title="bbox 256 1689 715 1729; baseline 0.002 -7"><span class='ocrx_word' id='word_1_76' title='bbox 256 1690 299 1722; x_wconf 90' lang='lat' dir='ltr'>Et</span> <span class='ocrx_word' id='word_1_77' title='bbox 324 1690 493 1729; x_wconf 84' lang='lat' dir='ltr'>splendore</span> <span class='ocrx_word' id='word_1_78' title='bbox 518 1690 621 1720; x_wconf 88' lang='lat' dir='ltr'>vultus</span> <span class='ocrx_word' id='word_1_79' title='bbox 646 1689 715 1723; x_wconf 87' lang='lat' dir='ltr'>Dei.</span> 
     </span>
    </p>
   </div>
   <div class='ocr_carea' id='block_1_10' title="bbox 224 1775 736 1948">
    <p class='ocr_par' dir='ltr' id='par_1_14' title="bbox 224 1775 736 1948">
     <span class='ocr_line' id='line_1_21' title="bbox 224 1775 691 1818; baseline -0.004 -10"><span class='ocrx_word' id='word_1_80' title='bbox 224 1801 231 1808; x_wconf 89' lang='lat'>.</span> <span class='ocrx_word' id='word_1_81' title='bbox 259 1776 338 1816; x_wconf 85' lang='lat' dir='ltr'>Ave,</span> <span class='ocrx_word' id='word_1_82' title='bbox 365 1777 466 1806; x_wconf 85' lang='lat' dir='ltr'>mater</span> <span class='ocrx_word' id='word_1_83' title='bbox 489 1775 562 1805; x_wconf 88' lang='lat' dir='ltr'>novi</span> <span class='ocrx_word' id='word_1_84' title='bbox 587 1775 691 1818; x_wconf 82' lang='lat' dir='ltr'>moris7</span> 
     </span>
     <span class='ocr_line' id='line_1_22' title="bbox 259 1822 736 1861; baseline -0.002 -7"><span class='ocrx_word' id='word_1_85' title='bbox 259 1823 327 1854; x_wconf 85' lang='lat' dir='ltr'>Nec</span> <span class='ocrx_word' id='word_1_86' title='bbox 352 1825 503 1860; x_wconf 82' lang='lat' dir='ltr'>conceptu</span> <span class='ocrx_word' id='word_1_87' title='bbox 529 1822 736 1861; x_wconf 80' lang='lat' dir='ltr'>redemptoris</span> 
     </span>
     <span class='ocr_line' id='line_1_23' title="bbox 257 1867 649 1911; baseline -0.003 -10"><span class='ocrx_word' id='word_1_88' title='bbox 257 1870 367 1909; x_wconf 85' lang='lat' dir='ltr'>Neque</span> <span class='ocrx_word' id='word_1_89' title='bbox 391 1872 462 1900; x_wconf 89' lang='lat' dir='ltr'>ortu</span> <span class='ocrx_word' id='word_1_90' title='bbox 490 1867 649 1911; x_wconf 80' lang='lat' dir='ltr'>deflorata,</span> 
     </span>
     <span class='ocr_line' id='line_1_24' title="bbox 257 1915 655 1948; baseline -0.003 -1"><span class='ocrx_word' id='word_1_91' title='bbox 257 1916 350 1948; x_wconf 86' lang='lat' dir='ltr'>Scuto</span> <span class='ocrx_word' id='word_1_92' title='bbox 377 1915 437 1947; x_wconf 86' lang='lat' dir='ltr'>Dei</span> <span class='ocrx_word' id='word_1_93' title='bbox 462 1915 655 1947; x_wconf 84' lang='lat' dir='ltr'>obumbrata.</span> 
     </span>
    </p>
   </div>
   <div class='ocr_carea' id='block_1_11' title="bbox 221 1998 719 2172">
    <p class='ocr_par' dir='ltr' id='par_1_15' title="bbox 221 1998 719 2172">
     <span class='ocr_line' id='line_1_25' title="bbox 221 1998 719 2041; baseline -0.002 -9"><span class='ocrx_word' id='word_1_94' title='bbox 221 2025 228 2032; x_wconf 92' lang='lat'>.</span> <span class='ocrx_word' id='word_1_95' title='bbox 253 1999 332 2041; x_wconf 80' lang='lat' dir='ltr'>Ave,</span> <span class='ocrx_word' id='word_1_96' title='bbox 358 1999 457 2038; x_wconf 86' lang='lat' dir='ltr'>virgo,</span> <span class='ocrx_word' id='word_1_97' title='bbox 483 2008 561 2037; x_wconf 87' lang='lat' dir='ltr'>quae</span> <span class='ocrx_word' id='word_1_98' title='bbox 583 1998 719 2031; x_wconf 85' lang='lat' dir='ltr'>furorem</span> 
     </span>
     <span class='ocr_line' id='line_1_26' title="bbox 258 2046 650 2077; baseline 0 0"><span class='ocrx_word' id='word_1_99' title='bbox 258 2046 436 2077; x_wconf 86' lang='lat' dir='ltr'>Conditoris</span> <span class='ocrx_word' id='word_1_100' title='bbox 460 2048 491 2076; x_wconf 87' lang='lat' dir='ltr'>in</span> <span class='ocrx_word' id='word_1_101' title='bbox 515 2055 650 2077; x_wconf 83' lang='lat' dir='ltr'>amorem</span> 
     </span>
     <span class='ocr_line' id='line_1_27' title="bbox 257 2092 627 2134; baseline 0 -11"><span class='ocrx_word' id='word_1_102' title='bbox 257 2092 322 2123; x_wconf 83' lang='lat' dir='ltr'>Tua</span> <span class='ocrx_word' id='word_1_103' title='bbox 349 2092 411 2123; x_wconf 70' lang='lat' dir='ltr'>fide</span> <span class='ocrx_word' id='word_1_104' title='bbox 435 2093 627 2134; x_wconf 81' lang='lat' dir='ltr'>convertisti,</span> 
     </span>
     <span class='ocr_line' id='line_1_28' title="bbox 257 2140 665 2172; baseline 0.005 -3"><span class='ocrx_word' id='word_1_105' title='bbox 257 2140 347 2170; x_wconf 84' lang='lat' dir='ltr'>Votis</span> <span class='ocrx_word' id='word_1_106' title='bbox 372 2140 450 2170; x_wconf 84' lang='lat' dir='ltr'>iram</span> <span class='ocrx_word' id='word_1_107' title='bbox 477 2140 665 2172; x_wconf 75' lang='lat' dir='ltr'>exstinxisti.</span> 
     </span>
    </p>
   </div>
   <div class='ocr_carea' id='block_1_12' title="bbox 224 2224 746 2406">
    <p class='ocr_par' dir='ltr' id='par_1_16' title="bbox 224 2224 746 2406">
     <span class='ocr_line' id='line_1_29' title="bbox 224 2224 729 2263; baseline 0.002 -8"><span class='ocrx_word' id='word_1_108' title='bbox 224 2249 230 2255; x_wconf 94' lang='lat'>.</span> <span class='ocrx_word' id='word_1_109' title='bbox 257 2225 337 2263; x_wconf 73' lang='lat' dir='ltr'>Ave,</span> <span class='ocrx_word' id='word_1_110' title='bbox 364 2224 462 2263; x_wconf 85' lang='lat' dir='ltr'>virgo,</span> <span class='ocrx_word' id='word_1_111' title='bbox 489 2232 580 2262; x_wconf 85' lang='lat' dir='ltr'>quam</span> <span class='ocrx_word' id='word_1_112' title='bbox 607 2228 729 2256; x_wconf 79' lang='lat' dir='ltr'>creator</span> 
     </span>
     <span class='ocr_line' id='line_1_30' title="bbox 256 2270 746 2311; baseline 0 -8"><span class='ocrx_word' id='word_1_113' title='bbox 256 2271 384 2310; x_wconf 82' lang='lat' dir='ltr'>Rerum,</span> <span class='ocrx_word' id='word_1_114' title='bbox 410 2270 499 2301; x_wconf 79' lang='lat' dir='ltr'>testis</span> <span class='ocrx_word' id='word_1_115' title='bbox 524 2274 557 2301; x_wconf 81' lang='lat' dir='ltr'>et</span> <span class='ocrx_word' id='word_1_116' title='bbox 579 2274 746 2311; x_wconf 74' lang='lat' dir='ltr'>scrutator,</span> 
     </span>
     <span class='ocr_line' id='line_1_31' title="bbox 260 2318 695 2359; baseline -0.002 -9"><span class='ocrx_word' id='word_1_117' title='bbox 260 2318 435 2355; x_wconf 83' lang='lat' dir='ltr'>Universis,</span> <span class='ocrx_word' id='word_1_118' title='bbox 462 2326 541 2356; x_wconf 83' lang='lat' dir='ltr'>quae</span> <span class='ocrx_word' id='word_1_119' title='bbox 568 2319 695 2359; x_wconf 84' lang='lat' dir='ltr'>creavit,</span> 
     </span>
     <span class='ocr_line' id='line_1_32' title="bbox 257 2364 701 2406; baseline 0.002 -9"><span class='ocrx_word' id='word_1_120' title='bbox 257 2365 440 2406; x_wconf 88' lang='lat' dir='ltr'>Digniorem</span> <span class='ocrx_word' id='word_1_121' title='bbox 465 2364 701 2399; x_wconf 85' lang='lat' dir='ltr'>demonstravit.</span> 
     </span>
    </p>
   </div>
   <div class='ocr_carea' id='block_1_13' title="bbox 870 1325 922 1357">
    <p class='ocr_par' dir='ltr' id='par_1_17' title="bbox 870 1325 922 1357">
     <span class='ocr_line' id='line_1_33' title="bbox 870 1325 922 1357; baseline 0 -1"><span class='ocrx_word' id='word_1_122' title='bbox 870 1325 922 1357; x_wconf 89' lang='lat'>10.</span> 
     </span>
    </p>
   </div>
   <div class='ocr_carea' id='block_1_14' title="bbox 869 1552 922 1584">
    <p class='ocr_par' dir='ltr' id='par_1_18' title="bbox 869 1552 922 1584">
     <span class='ocr_line' id='line_1_34' title="bbox 869 1552 922 1584; baseline 0 -1"><span class='ocrx_word' id='word_1_123' title='bbox 869 1552 922 1584; x_wconf 86' lang='lat'>11.</span> 
     </span>
    </p>
   </div>
   <div class='ocr_carea' id='block_1_15' title="bbox 871 1777 924 1808">
    <p class='ocr_par' dir='ltr' id='par_1_19' title="bbox 871 1777 924 1808">
     <span class='ocr_line' id='line_1_35' title="bbox 871 1777 924 1808; baseline 0 0"><span class='ocrx_word' id='word_1_124' title='bbox 871 1777 924 1808; x_wconf 81' lang='lat'>12.</span> 
     </span>
    </p>
   </div>
   <div class='ocr_carea' id='block_1_16' title="bbox 870 2003 924 2034">
    <p class='ocr_par' dir='ltr' id='par_1_20' title="bbox 870 2003 924 2034">
     <span class='ocr_line' id='line_1_36' title="bbox 870 2003 924 2034; baseline 0.019 -1"><span class='ocrx_word' id='word_1_125' title='bbox 870 2003 924 2034; x_wconf 83' lang='lat'>13.</span> 
     </span>
    </p>
   </div>
   <div class='ocr_carea' id='block_1_17' title="bbox 870 2229 923 2259">
    <p class='ocr_par' dir='ltr' id='par_1_21' title="bbox 870 2229 923 2259">
     <span class='ocr_line' id='line_1_37' title="bbox 870 2229 923 2259; baseline 0 0"><span class='ocrx_word' id='word_1_126' title='bbox 870 2229 923 2259; x_wconf 86' lang='lat'>14.</span> 
     </span>
    </p>
   </div>
   <div class='ocr_carea' id='block_1_18' title="bbox 948 921 1436 1047">
    <p class='ocr_par' dir='ltr' id='par_1_22' title="bbox 948 921 1436 1047">
     <span class='ocr_line' id='line_1_38' title="bbox 948 921 1366 964; baseline -0.002 -10"><span class='ocrx_word' id='word_1_127' title='bbox 948 922 1128 954; x_wconf 77' lang='lat' dir='ltr'>Gratiarum</span> <span class='ocrx_word' id='word_1_128' title='bbox 1155 921 1242 952; x_wconf 81' lang='lat' dir='ltr'>dives</span> <span class='ocrx_word' id='word_1_129' title='bbox 1267 922 1366 964; x_wconf 77' lang='lat' dir='ltr'>donis,</span> 
     </span>
     <span class='ocr_line' id='line_1_39' title="bbox 949 968 1313 1009; baseline -0.005 -8"><span class='ocrx_word' id='word_1_130' title='bbox 949 969 1034 1009; x_wconf 85' lang='lat' dir='ltr'>Opus</span> <span class='ocrx_word' id='word_1_131' title='bbox 1061 969 1117 1000; x_wconf 89' lang='lat' dir='ltr'>Dei</span> <span class='ocrx_word' id='word_1_132' title='bbox 1145 968 1313 1008; x_wconf 85' lang='lat' dir='ltr'>digitorum</span> 
     </span>
     <span class='ocr_line' id='line_1_40' title="bbox 949 1015 1436 1047; baseline 0 0"><span class='ocrx_word' id='word_1_133' title='bbox 949 1015 1077 1047; x_wconf 83' lang='lat' dir='ltr'>Grande</span> <span class='ocrx_word' id='word_1_134' title='bbox 1101 1015 1193 1046; x_wconf 88' lang='lat' dir='ltr'>nimis</span> <span class='ocrx_word' id='word_1_135' title='bbox 1220 1019 1250 1046; x_wconf 90' lang='lat' dir='ltr'>et</span> <span class='ocrx_word' id='word_1_136' title='bbox 1277 1016 1436 1047; x_wconf 80' lang='lat' dir='ltr'>decorum.</span> 
     </span>
    </p>
   </div>
   <div class='ocr_carea' id='block_1_19' title="bbox 946 1101 1470 1279">
    <p class='ocr_par' dir='ltr' id='par_1_23' title="bbox 946 1101 1396 1143">
     <span class='ocr_line' id='line_1_41' title="bbox 946 1101 1396 1143; baseline 0 -11"><span class='ocrx_word' id='word_1_137' title='bbox 946 1101 1025 1142; x_wconf 79' lang='lat' dir='ltr'>Ave,</span> <span class='ocrx_word' id='word_1_138' title='bbox 1052 1101 1139 1139; x_wconf 85' lang='lat' dir='ltr'>virgo</span> <span class='ocrx_word' id='word_1_139' title='bbox 1162 1104 1236 1138; x_wconf 86' lang='lat' dir='ltr'>post</span> <span class='ocrx_word' id='word_1_140' title='bbox 1260 1103 1291 1130; x_wconf 89' lang='lat' dir='ltr'>et</span> <span class='ocrx_word' id='word_1_141' title='bbox 1313 1105 1396 1143; x_wconf 75' lang='lat' dir='ltr'>ante,</span> 
     </span>
    </p>

    <p class='ocr_par' dir='ltr' id='par_1_24' title="bbox 947 1148 1470 1279">
     <span class='ocr_line' id='line_1_42' title="bbox 947 1148 1470 1187; baseline -0.002 -9"><span class='ocrx_word' id='word_1_142' title='bbox 947 1148 1009 1179; x_wconf 91' lang='lat' dir='ltr'>Pro</span> <span class='ocrx_word' id='word_1_143' title='bbox 1034 1155 1084 1177; x_wconf 86' lang='lat' dir='ltr'>me</span> <span class='ocrx_word' id='word_1_144' title='bbox 1108 1154 1233 1187; x_wconf 87' lang='lat' dir='ltr'>semper</span> <span class='ocrx_word' id='word_1_145' title='bbox 1257 1150 1288 1177; x_wconf 92' lang='lat' dir='ltr'>te</span> <span class='ocrx_word' id='word_1_146' title='bbox 1311 1150 1470 1187; x_wconf 83' lang='lat' dir='ltr'>pugnante</span> 
     </span>
     <span class='ocr_line' id='line_1_43' title="bbox 948 1193 1448 1233; baseline 0.004 -9"><span class='ocrx_word' id='word_1_147' title='bbox 948 1194 1058 1225; x_wconf 86' lang='lat' dir='ltr'>Vertat</span> <span class='ocrx_word' id='word_1_148' title='bbox 1082 1193 1183 1224; x_wconf 88' lang='lat' dir='ltr'>hostis</span> <span class='ocrx_word' id='word_1_149' title='bbox 1208 1193 1285 1224; x_wconf 85' lang='lat' dir='ltr'>mihi</span> <span class='ocrx_word' id='word_1_150' title='bbox 1311 1195 1448 1233; x_wconf 88' lang='lat' dir='ltr'>dorsum,</span> 
     </span>
     <span class='ocr_line' id='line_1_44' title="bbox 948 1241 1467 1279; baseline 0.004 -8"><span class='ocrx_word' id='word_1_151' title='bbox 948 1241 1007 1279; x_wconf 76' lang='lat' dir='ltr'>Qui</span> <span class='ocrx_word' id='word_1_152' title='bbox 1024 1248 1191 1271; x_wconf 86' lang='lat' dir='ltr'>conversus</span> <span class='ocrx_word' id='word_1_153' title='bbox 1209 1243 1272 1271; x_wconf 81' lang='lat' dir='ltr'>stet.</span> <span class='ocrx_word' id='word_1_154' title='bbox 1284 1244 1467 1273; x_wconf 84' lang='lat' dir='ltr'>retrorsum.</span> 
     </span>
    </p>
   </div>
   <div class='ocr_carea' id='block_1_20' title="bbox 947 1323 1425 1506">
    <p class='ocr_par' dir='ltr' id='par_1_25' title="bbox 947 1323 1425 1506">
     <span class='ocr_line' id='line_1_45' title="bbox 949 1323 1319 1365; baseline -0.003 -9"><span class='ocrx_word' id='word_1_155' title='bbox 949 1325 1028 1365; x_wconf 89' lang='lat' dir='ltr'>Ave,</span> <span class='ocrx_word' id='word_1_156' title='bbox 1050 1325 1143 1363; x_wconf 87' lang='lat' dir='ltr'>porta</span> <span class='ocrx_word' id='word_1_157' title='bbox 1167 1323 1319 1364; x_wconf 84' lang='lat' dir='ltr'>liberatis,</span> 
     </span>
     <span class='ocr_line' id='line_1_46' title="bbox 947 1372 1369 1403; baseline 0 0"><span class='ocrx_word' id='word_1_158' title='bbox 947 1372 1032 1403; x_wconf 85' lang='lat' dir='ltr'>Aula</span> <span class='ocrx_word' id='word_1_159' title='bbox 1056 1379 1194 1402; x_wconf 85' lang='lat' dir='ltr'>summae</span> <span class='ocrx_word' id='word_1_160' title='bbox 1218 1372 1369 1403; x_wconf 85' lang='lat' dir='ltr'>trinitatis</span> 
     </span>
     <span class='ocr_line' id='line_1_47' title="bbox 948 1417 1425 1458; baseline 0 -8"><span class='ocrx_word' id='word_1_161' title='bbox 948 1418 992 1450; x_wconf 89' lang='lat' dir='ltr'>Et</span> <span class='ocrx_word' id='word_1_162' title='bbox 1015 1418 1155 1449; x_wconf 85' lang='lat' dir='ltr'>sollenne</span> <span class='ocrx_word' id='word_1_163' title='bbox 1179 1417 1239 1449; x_wconf 89' lang='lat' dir='ltr'>Dei</span> <span class='ocrx_word' id='word_1_164' title='bbox 1263 1419 1425 1458; x_wconf 80' lang='lat' dir='ltr'>templum,</span> 
     </span>
     <span class='ocr_line' id='line_1_48' title="bbox 949 1464 1420 1506; baseline 0.002 -9"><span class='ocrx_word' id='word_1_165' title='bbox 949 1465 1039 1497; x_wconf 88' lang='lat' dir='ltr'>Salus</span> <span class='ocrx_word' id='word_1_166' title='bbox 1065 1464 1150 1496; x_wconf 88' lang='lat' dir='ltr'>orbis</span> <span class='ocrx_word' id='word_1_167' title='bbox 1176 1468 1207 1495; x_wconf 83' lang='lat' dir='ltr'>et</span> <span class='ocrx_word' id='word_1_168' title='bbox 1233 1466 1420 1506; x_wconf 84' lang='lat' dir='ltr'>exemplum.</span> 
     </span>
    </p>
   </div>
   <div class='ocr_carea' id='block_1_21' title="bbox 945 1548 1471 1730">
    <p class='ocr_par' dir='ltr' id='par_1_26' title="bbox 945 1548 1389 1638">
     <span class='ocr_line' id='line_1_49' title="bbox 947 1548 1389 1593; baseline 0.002 -12"><span class='ocrx_word' id='word_1_169' title='bbox 947 1550 1026 1592; x_wconf 78' lang='lat' dir='ltr'>Ave,</span> <span class='ocrx_word' id='word_1_170' title='bbox 1053 1550 1152 1590; x_wconf 84' lang='lat' dir='ltr'>virgo,</span> <span class='ocrx_word' id='word_1_171' title='bbox 1177 1548 1235 1581; x_wconf 89' lang='lat' dir='ltr'>flos</span> <span class='ocrx_word' id='word_1_172' title='bbox 1261 1552 1389 1593; x_wconf 88' lang='lat' dir='ltr'>regalis,</span> 
     </span>
     <span class='ocr_line' id='line_1_50' title="bbox 945 1597 1336 1638; baseline 0.005 -11"><span class='ocrx_word' id='word_1_173' title='bbox 945 1597 1116 1628; x_wconf 80' lang='lat' dir='ltr'>Mulierum</span> <span class='ocrx_word' id='word_1_174' title='bbox 1140 1597 1228 1628; x_wconf 86' lang='lat' dir='ltr'>nulla</span> <span class='ocrx_word' id='word_1_175' title='bbox 1251 1598 1336 1638; x_wconf 81' lang='lat' dir='ltr'>talis,</span> 
     </span>
    </p>

    <p class='ocr_par' dir='ltr' id='par_1_27' title="bbox 950 1644 1471 1730">
     <span class='ocr_line' id='line_1_51' title="bbox 950 1644 1464 1685; baseline 0.006 -11"><span class='ocrx_word' id='word_1_176' title='bbox 950 1644 1055 1675; x_wconf 87' lang='lat' dir='ltr'>Verba</span> <span class='ocrx_word' id='word_1_177' title='bbox 1080 1644 1166 1675; x_wconf 79' lang='lat' dir='ltr'>ouius</span> <span class='ocrx_word' id='word_1_178' title='bbox 1192 1649 1264 1675; x_wconf 87' lang='lat' dir='ltr'>sunt</span> <span class='ocrx_word' id='word_1_179' title='bbox 1289 1650 1464 1685; x_wconf 88' lang='lat' dir='ltr'>argentum,</span> 
     </span>
     <span class='ocr_line' id='line_1_52' title="bbox 951 1690 1471 1730; baseline 0.01 -9"><span class='ocrx_word' id='word_1_180' title='bbox 951 1691 1073 1730; x_wconf 79' lang='lat' dir='ltr'>Lingua</span> <span class='ocrx_word' id='word_1_181' title='bbox 1096 1690 1202 1722; x_wconf 85' lang='lat' dir='ltr'>laudis</span> <span class='ocrx_word' id='word_1_182' title='bbox 1219 1692 1471 1726; x_wconf 87' lang='lat' dir='ltr'>instrumentum.</span> 
     </span>
    </p>
   </div>
   <div class='ocr_carea' id='block_1_22' title="bbox 948 1776 1425 1961">
    <p class='ocr_par' dir='ltr' id='par_1_28' title="bbox 948 1776 1425 1961">
     <span class='ocr_line' id='line_1_53' title="bbox 950 1776 1385 1820; baseline 0.005 -13"><span class='ocrx_word' id='word_1_183' title='bbox 950 1776 1030 1815; x_wconf 84' lang='lat' dir='ltr'>Ave,</span> <span class='ocrx_word' id='word_1_184' title='bbox 1060 1777 1156 1816; x_wconf 90' lang='lat' dir='ltr'>virgo,</span> <span class='ocrx_word' id='word_1_185' title='bbox 1184 1777 1234 1807; x_wconf 86' lang='lat' dir='ltr'>cui</span> <span class='ocrx_word' id='word_1_186' title='bbox 1258 1778 1385 1820; x_wconf 82' lang='lat' dir='ltr'>plaudo,</span> 
     </span>
     <span class='ocr_line' id='line_1_54' title="bbox 950 1823 1363 1864; baseline 0.005 -10"><span class='ocrx_word' id='word_1_187' title='bbox 950 1823 1023 1854; x_wconf 89' lang='lat' dir='ltr'>Tibi</span> <span class='ocrx_word' id='word_1_188' title='bbox 1048 1832 1137 1864; x_wconf 84' lang='lat' dir='ltr'>cano,</span> <span class='ocrx_word' id='word_1_189' title='bbox 1163 1827 1196 1855; x_wconf 86' lang='lat' dir='ltr'>te</span> <span class='ocrx_word' id='word_1_190' title='bbox 1218 1825 1363 1856; x_wconf 86' lang='lat' dir='ltr'>collaudo</span> 
     </span>
     <span class='ocr_line' id='line_1_55' title="bbox 948 1870 1360 1912; baseline 0.002 -11"><span class='ocrx_word' id='word_1_191' title='bbox 948 1870 1037 1902; x_wconf 87' lang='lat' dir='ltr'>Bona</span> <span class='ocrx_word' id='word_1_192' title='bbox 1060 1870 1137 1902; x_wconf 90' lang='lat' dir='ltr'>mihi</span> <span class='ocrx_word' id='word_1_193' title='bbox 1160 1871 1360 1912; x_wconf 80' lang='lat' dir='ltr'>tribuentem,</span> 
     </span>
     <span class='ocr_line' id='line_1_56' title="bbox 951 1917 1425 1961; baseline 0.004 -13"><span class='ocrx_word' id='word_1_194' title='bbox 951 1917 1044 1958; x_wconf 79' lang='lat' dir='ltr'>Sana,</span> <span class='ocrx_word' id='word_1_195' title='bbox 1072 1917 1169 1961; x_wconf 81' lang='lat' dir='ltr'>virgo,</span> <span class='ocrx_word' id='word_1_196' title='bbox 1196 1921 1227 1948; x_wconf 87' lang='lat' dir='ltr'>te</span> <span class='ocrx_word' id='word_1_197' title='bbox 1254 1922 1425 1951; x_wconf 85' lang='lat' dir='ltr'>canentem.</span> 
     </span>
    </p>
   </div>
   <div class='ocr_carea' id='block_1_23' title="bbox 949 2002 1466 2183">
    <p class='ocr_par' dir='ltr' id='par_1_29' title="bbox 949 2002 1466 2128">
     <span class='ocr_line' id='line_1_57' title="bbox 950 2002 1348 2044; baseline 0.003 -10"><span class='ocrx_word' id='word_1_198' title='bbox 950 2003 1030 2040; x_wconf 89' lang='lat' dir='ltr'>Ave,</span> <span class='ocrx_word' id='word_1_199' title='bbox 1057 2004 1145 2042; x_wconf 80' lang='lat' dir='ltr'>virgo</span> <span class='ocrx_word' id='word_1_200' title='bbox 1171 2002 1238 2033; x_wconf 90' lang='lat' dir='ltr'>Deo</span> <span class='ocrx_word' id='word_1_201' title='bbox 1264 2012 1348 2044; x_wconf 78' lang='lat' dir='ltr'>cara,</span> 
     </span>
     <span class='ocr_line' id='line_1_58' title="bbox 949 2050 1466 2092; baseline 0.004 -11"><span class='ocrx_word' id='word_1_202' title='bbox 949 2050 1093 2092; x_wconf 82' lang='lat' dir='ltr'>Pulchra,</span> <span class='ocrx_word' id='word_1_203' title='bbox 1101 2050 1216 2090; x_wconf 82' lang='lat' dir='ltr'>suavis,</span> <span class='ocrx_word' id='word_1_204' title='bbox 1223 2050 1370 2088; x_wconf 85' lang='lat' dir='ltr'>prudens,</span> <span class='ocrx_word' id='word_1_205' title='bbox 1378 2052 1466 2083; x_wconf 81' lang='lat' dir='ltr'>clara</span> 
     </span>
     <span class='ocr_line' id='line_1_59' title="bbox 950 2096 1273 2128; baseline -0.003 0"><span class='ocrx_word' id='word_1_206' title='bbox 950 2096 1025 2128; x_wconf 82' lang='lat' dir='ltr'>Sola</span> <span class='ocrx_word' id='word_1_207' title='bbox 1049 2096 1110 2128; x_wconf 88' lang='lat' dir='ltr'>Dei</span> <span class='ocrx_word' id='word_1_208' title='bbox 1134 2096 1273 2127; x_wconf 86' lang='lat' dir='ltr'>salutare</span> 
     </span>
    </p>

    <p class='ocr_par' dir='ltr' id='par_1_30' title="bbox 950 2143 1372 2183">
     <span class='ocr_line' id='line_1_60' title="bbox 950 2143 1372 2183; baseline 0.005 -9"><span class='ocrx_word' id='word_1_209' title='bbox 950 2143 1055 2183; x_wconf 83' lang='lat' dir='ltr'>Digna</span> <span class='ocrx_word' id='word_1_210' title='bbox 1078 2143 1194 2174; x_wconf 86' lang='lat' dir='ltr'>mundo</span> <span class='ocrx_word' id='word_1_211' title='bbox 1212 2152 1372 2182; x_wconf 85' lang='lat' dir='ltr'>generare.</span> 
     </span>
    </p>
   </div>
   <div class='ocr_carea' id='block_1_24' title="bbox 1467 2077 1475 2093">
    <p class='ocr_par' dir='ltr' id='par_1_31' title="bbox 1467 2077 1475 2093">
     <span class='ocr_line' id='line_1_61' title="bbox 1467 2077 1475 2093; baseline 0 0"><span class='ocrx_word' id='word_1_212' title='bbox 1467 2077 1475 2093; x_wconf 83' lang='lat'>&gt;</span> 
     </span>
    </p>
   </div>
   <div class='ocr_carea' id='block_1_25' title="bbox 949 2228 1419 2405">
    <p class='ocr_par' dir='ltr' id='par_1_32' title="bbox 949 2228 1419 2405">
     <span class='ocr_line' id='line_1_62' title="bbox 949 2228 1372 2271; baseline 0.007 -13"><span class='ocrx_word' id='word_1_213' title='bbox 949 2228 1019 2259; x_wconf 81' lang='lat' dir='ltr'>Ave</span> <span class='ocrx_word' id='word_1_214' title='bbox 1042 2228 1141 2267; x_wconf 84' lang='lat' dir='ltr'>virgo,</span> <span class='ocrx_word' id='word_1_215' title='bbox 1168 2228 1267 2258; x_wconf 88' lang='lat' dir='ltr'>virtus</span> <span class='ocrx_word' id='word_1_216' title='bbox 1293 2238 1372 2271; x_wconf 81' lang='lat' dir='ltr'>mea,</span> 
     </span>
     <span class='ocr_line' id='line_1_63' title="bbox 951 2273 1419 2322; baseline 0.009 -17"><span class='ocrx_word' id='word_1_217' title='bbox 951 2275 1068 2305; x_wconf 77' lang='lat' dir='ltr'>Natum</span> <span class='ocrx_word' id='word_1_218' title='bbox 1093 2273 1195 2305; x_wconf 85' lang='lat' dir='ltr'>Deum</span> <span class='ocrx_word' id='word_1_219' title='bbox 1219 2284 1324 2316; x_wconf 80' lang='lat' dir='ltr'>posce,</span> <span class='ocrx_word' id='word_1_220' title='bbox 1350 2277 1419 2322; x_wconf 80' lang='lat' dir='ltr'>dea,</span> 
     </span>
     <span class='ocr_line' id='line_1_64' title="bbox 954 2321 1384 2355; baseline 0.002 -1"><span class='ocrx_word' id='word_1_221' title='bbox 954 2322 997 2354; x_wconf 87' lang='lat' dir='ltr'>Ut</span> <span class='ocrx_word' id='word_1_222' title='bbox 1022 2322 1055 2353; x_wconf 88' lang='lat' dir='ltr'>in</span> <span class='ocrx_word' id='word_1_223' title='bbox 1081 2321 1155 2353; x_wconf 88' lang='lat' dir='ltr'>Sion</span> <span class='ocrx_word' id='word_1_224' title='bbox 1180 2330 1254 2353; x_wconf 83' lang='lat' dir='ltr'>arce</span> <span class='ocrx_word' id='word_1_225' title='bbox 1279 2323 1384 2355; x_wconf 85' lang='lat' dir='ltr'>clarae</span> 
     </span>
     <span class='ocr_line' id='line_1_65' title="bbox 954 2368 1377 2405; baseline 0.009 -5"><span class='ocrx_word' id='word_1_226' title='bbox 954 2368 1020 2400; x_wconf 82' lang='lat' dir='ltr'>Nos</span> <span class='ocrx_word' id='word_1_227' title='bbox 1047 2368 1200 2400; x_wconf 80' lang='lat' dir='ltr'>concedat</span> <span class='ocrx_word' id='word_1_228' title='bbox 1222 2369 1377 2405; x_wconf 86' lang='lat' dir='ltr'>habitare.</span> 
     </span>
    </p>
   </div>
  </div>
 </body>
</html>
