1650 2612
735 112 991 147 —180—

217 211 367 237 Monacen.
399 209 446 245 (01.
475 207 696 241 Emmeramen.)
729 205 833 235 14841.
863 215 937 234 saec.
969 205 1012 233 15.
1040 206 1077 233 U.
1111 220 1147 224 —
1177 206 1248 233 Chn.
1276 205 1429 232 Monaeen.
1459 200 1507 234 (ol.

217 246 440 282 Emmeramen.)
460 246 494 275 14
503 245 566 275 528.
587 255 661 273 saec.
677 244 721 272 15.
734 245 770 271 V.
791 258 827 263 —
848 244 916 272 God.
934 244 1028 271 Palat.
1042 243 1242 270 Vindoboneu.
1262 239 1346 269 4096.
1367 248 1444 267 saec.
1460 237 1504 265 15.

216 286 264 312 W.
289 300 327 305 —
353 285 420 313 Cod.
439 285 533 312 Palat.
553 284 752 311 Vindobonen.
778 280 861 309 4547.
882 289 957 308 saec.
981 279 1023 307 15.
1043 281 1079 307 X.
1106 294 1143 299 —-
1171 280 1240 307 God.
1261 280 1393 307 Bremen.
1414 285 1438 304 0.
1459 274 1505 302 22.

218 331 291 349 saec.
315 321 357 350 15.
376 323 409 350 Y.
429 337 467 341 ——
486 323 558 358 Opp.
579 321 607 348 S.
629 322 848 348 Bonaventurae
867 319 942 346 xm
966 318 1107 351 (Venetiis
1135 316 1225 351 1756),
1246 327 1273 353 p.
1294 313 1350 344 362
1370 315 1399 342 ff.
1419 315 1450 341 Z.
1471 328 1509 333 —

293 366 315 397 I.
346 368 369 403 1,
391 368 408 395 2
429 370 509 403 Quae
529 369 649 404 perenni
668 368 701 395 B.
721 382 759 386 —
779 365 835 393 Str.
856 364 873 392 2
894 367 925 392 in
945 365 1036 393 SUV:

607 424 677 456 Ave,
699 422 799 450 5011013
818 421 999 457 disciplinae,

607 461 773 496 Imperaffix,
794 468 881 495 quam
904 460 1031 495 reginae,

607 499 715 534 Regem
736 506 842 534 agnum
861 506 937 533 quae
956 498 1125 532 sequuntur,

607 536 786 563 Venerantes
807 535 1027 570 amplectuntur.

220 591 246 626 3,
271 591 285 619 1
306 593 376 623 Ave,
398 594 489 627 virgo,
509 600 627 627 germen
647 590 677 618 C.
697 605 734 610 —-
753 588 779 623 3,
799 589 820 617 4
837 591 897 617 Fae
916 590 1018 617 devote
1037 598 1090 616 nos
1111 589 1142 617 G.
1162 603 1200 606 —
1219 587 1246 620 4,
1267 586 1285 614 2
1299 587 1390 615 Serva
1409 596 1507 615 servos

216 631 251 664 Z,
271 629 393 657 Servata
416 631 474 656 tuis
502 632 531 656 et
549 630 591 663 U;
620 628 709 656 Serva
728 637 780 655 nos
802 630 831 655 et
850 628 884 654 V.
908 642 944 646 —
970 626 996 660 5,
1017 625 1035 654 2
1054 628 1116 654 Nee
1136 628 1300 661 contemptu
1321 626 1352 654 C.
1383 642 1414 646 —
1443 624 1468 658 7,
1492 624 1507 652 1

216 668 343 695 salvator
364 668 417 695 ΒΖ.
442 681 478 685 —-
505 666 530 699 7,
551 664 569 692 2
589 667 695 693 Rerum
719 667 801 693 testis
822 666 856 692 A.
887 681 922 685 —
950 664 976 698 7,
997 662 1014 692 3
1040 665 1132 698 Quem
1151 672 1210 691 non
1229 663 1307 690 fallit
1324 672 1383 691 nox
1403 664 1508 690 erroris

218 706 271 732 BZ.
291 719 327 724 ——
348 704 373 739 7,
396 703 415 731 4
433 704 549 731 Laudat
568 705 646 731 intus
667 705 754 739 atque
773 703 843 730 foris
865 703 918 730 BZ.
938 716 975 721 —
996 702 1051 729 Str.
1072 700 1089 729 6
1109 701 1166 728 und
1189 700 1205 728 7
1226 701 1258 728 in
1278 701 1369 729 SUV:

228 759 253 787 6.
274 761 344 791 Ave,
365 762 456 797 virgo,
479 762 507 787 et
528 761 633 795 aspira,
899 757 925 784 7.
946 759 1015 792 Ave,
1037 760 1136 793 portus
1158 758 1371 794 naufragorum,

271 799 313 826 Ut
332 799 457 825 auctoris
481 800 575 825 cesset
593 798 644 830 ira,
944 797 1043 831 Virgo.
1065 797 1158 822 virtus
1178 795 1365 828 infirmorum,

271 836 363 863 Furor
383 837 445 862 eius
464 836 519 863 tibi
540 835 631 866 cedat,
944 834 1000 861 Per
1022 842 1109 870 quam
1129 834 1209 868 aegri
1229 835 1297 860 sunt
1316 834 1413 868 saluti,

271 874 316 900 Ne
335 882 387 907 pro
407 873 493 908 eulpa
512 882 576 900 reos
597 872 702 899 laedat.
944 872 1050 898 Funeti
1068 871 1150 898 vitae
1168 872 1305 898 restituti.

217 939 273 966 Per
292 947 377 975 quam
398 939 477 973 aegri
498 940 564 964 sunt
583 938 697 971 salvati,
717 938 808 964 functi
826 940 921 965 mente
940 937 1070 972 deputati
1092 937 1154 965 UV.
1176 953 1212 956 —
1233 936 1289 964 Str.
1309 934 1327 964 8
1348 937 1474 964 ebenda:

662 994 730 1028 Ave,
751 995 843 1030 virgo,
862 994 963 1021 mundi
985 995 1056 1027 vita,

662 1032 740 1064 Flos,
760 1031 877 1065 monile,
897 1032 1063 1067 margarita,

663 1069 744 1096 Nihil
763 1069 874 1097 habens
894 1069 1069 1100 indecorum,

663 1107 742 1142 Opus
761 1107 819 1134 Dei
839 1107 1009 1143 digitorum3

218 1162 244 1195 9,
265 1161 282 1191 3
302 1164 403 1191 Hostis
423 1165 519 1190 vertas
540 1162 623 1191 SUV.
643 1176 681 1180 —
700 1161 726 1195 9,
747 1161 766 1189 4
784 1162 825 1189 Et
844 1163 978 1189 confusus
999 1165 1056 1189 stet
1074 1162 1159 1190 SUV.
1180 1178 1216 1182 —
1239 1160 1281 1196 12,
1303 1161 1321 1188 2
1339 1163 1407 1190 Tibi
1422 1165 1506 1190 canto

216 1201 274 1228 BC.
305 1215 335 1219 -—
363 1198 405 1232 13,
428 1198 446 1226 2
470 1200 597 1227 Ρ11101113
617 1200 755 1235 prudens,
782 1200 840 1235 pia,
866 1199 946 1226 clara
964 1200 997 1226 B.
1023 1214 1026 1218 ⁴
1089 1198 1132 1233 15,
1152 1198 1169 1226 2
1190 1199 1244 1227 Cui
1264 1199 1396 1227 Christus
1416 1200 1449 1227 B.
1470 1215 1507 1219 —

221 1236 263 1271 15,
284 1236 301 1266 3
321 1238 422 1265 Mundi
444 1237 538 1264 cordis
559 1237 712 1264 exauditae
732 1238 765 1263 A.
785 1252 823 1255 —
844 1237 899 1264 Str.
922 1236 1033 1265 11—14
1051 1239 1081 1264 in
1101 1237 1192 1264 SUV:

228 1292 271 1321 11.
291 1293 360 1327 Ave,
381 1295 471 1329 virgo,
494 1294 546 1320 flos
567 1293 683 1328 regalis,
900 1291 943 1321 13.
962 1293 1034 1326 Ave,
1055 1295 1147 1329 virgo,
1169 1302 1243 1328 quae
1262 1294 1367 1329 puellis

292 1332 347 1364 Da,
367 1332 466 1367 puella
484 1331 622 1364 liberalis,
962 1331 1117 1358 Anteluees
1137 1334 1171 1358 ut
1190 1332 1234 1358 sol
1254 1332 1355 1364 stellis,

291 1368 332 1395 Ut
351 1378 369 1396 a
388 1377 489 1404 poena,
510 1377 595 1404 quam
618 1377 766 1402 meremur,
962 1369 1009 1396 Ex
1027 1371 1056 1395 te
1074 1368 1159 1396 datur
1179 1369 1283 1397 Israeli

290 1407 333 1434 Te
352 1408 486 1433 servante
504 1406 666 1433 liberemur.
962 1405 1105 1433 Salutaris
1126 1414 1192 1433 arce
1212 1407 1295 1434 caeli.

228 1461 271 1489 12.
291 1463 362 1495 Ave,
383 1464 474 1498 virgo,
497 1462 547 1488 lux
567 1462 681 1496 solaris,
899 1460 941 1489 14.
962 1462 1031 1495 Ave,
1053 1462 1120 1489 finis
1139 1464 1232 1489 nostri
1251 1463 1355 1497 luctus,

292 1501 412 1532 Lumen,
433 1499 508 1526 unde
528 1500 701 1533 iueundaris,
962 1501 1027 1533 Tui,
1048 1501 1140 1536 virgo,
1163 1502 1273 1528 ventris
1293 1501 1401 1528 fruetus

290 1539 371 1570 Iube,
392 1540 485 1564 tecum
505 1538 737 1571 contemplemur,
963 1537 1037 1564 Arce
1057 1536 1136 1571 Sion,
1157 1538 1238 1565 urbis
1258 1538 1362 1571 clarae,

291 1576 336 1603 Ne
356 1577 387 1602 in
407 1577 496 1602 morte
520 1583 695 1610 soporemur.
964 1575 1025 1602 Nos
1046 1575 1185 1603 concedat
1205 1575 1347 1603 habitare.

219 1640 261 1674 16,
281 1640 300 1668 4
319 1641 485 1676 praestandi
505 1641 534 1667 Z.
554 1655 592 1659 —
613 1639 656 1674 17,
677 1639 695 1667 2
715 1641 884 1676 proferenda
902 1641 935 1667 A.
957 1656 988 1660 —
1013 1640 1068 1668 Str.
1091 1639 1126 1668 16
1145 1641 1204 1668 111111
1227 1639 1259 1668 17
1279 1643 1311 1669 in
1331 1641 1421 1670 SUV:

227 1696 270 1725 16.
290 1697 361 1730 Ave,
382 1699 474 1733 virgo,
494 1705 546 1723 vas
567 1697 697 1729 electum,
900 1695 943 1724 17.
965 1698 1034 1731 Ave,
1055 1699 1148 1733 virgo,
1169 1707 1235 1725 rara
1255 1699 1384 1730 multum,

291 1736 367 1762 Ante
385 1736 442 1762 Dei
463 1743 537 1770 quae
557 1737 741 1770 conspectum
965 1735 1055 1763 Cuius
1075 1736 1171 1763 caelos
1192 1738 1309 1772 propter
1327 1737 1449 1771 vultum,

293 1773 352 1800 Ceu
371 1773 416 1800 sol
435 1773 507 1799 lueis
527 1773 558 1799 in
578 1773 685 1799 virtute
964 1773 1044 1806 Quos
1064 1782 1129 1800 curn
1149 1776 1231 1809 patre
1250 1775 1438 1810 gubernabat,

293 1811 399 1846 Fulges
419 1812 497 1837 intus
519 1813 548 1837 et
566 1811 597 1837 in
617 1813 690 1837 oute.
966 1810 1107 1846 Splendor
1126 1813 1217 1847 patris
1238 1812 1407 1840 inclinabat.

216 1874 260 1909 18,
280 1874 298 1902 2
317 1877 397 1903 Deus
416 1877 479 1903 Deo
509 1879 594 1903 natus
614 1876 692 1904 BCZ.
719 1891 755 1895 —
785 1875 828 1910 19,
847 1875 867 1903 4
886 1877 931 1904 De
951 1876 1023 1904 Sion
1048 1886 1095 1905 me
1113 1878 1143 1904 Z.
1171 1892 1207 1896 —
1234 1876 1279 1912 20,
1303 1877 1317 1905 1
1339 1879 1401 1906 Ave
1425 1881 1508 1916 virgo

216 1915 302 1949 stirps
328 1914 362 1940 A.
389 1929 425 1933 —
450 1912 494 1947 20,
515 1912 533 1940 2
559 1915 635 1941 Vero
662 1917 729 1941 voto
756 1914 794 1950 A;
817 1914 912 1941 Mater
938 1917 1040 1942 sancta
1063 1924 1123 1942 non
1150 1915 1179 1942 G.
1206 1930 1244 1934 -—
1270 1915 1326 1943 Str.
1354 1915 1390 1943 22
1417 1917 1510 1945 lautet

216 1953 247 1978 in
266 1952 331 1978 AE:

641 1999 709 2033 Ave,
730 2000 824 2035 virgo,
848 1999 901 2026 flos
924 2008 1099 2035 camporum,

639 2037 684 2063 Tu
705 2036 741 2063 ad
761 2045 878 2072 campos
899 2037 1037 2071 liliorum,

640 2073 698 2101 Ubi
719 2075 816 2109 pascis
836 2083 902 2101 011111
921 2075 1036 2110 dilecto,

640 2108 745 2139 Deduc
764 2112 839 2139 03110
857 2121 911 2139 1105
929 2113 1046 2140 directo.

215 2164 260 2201 22,
281 2165 299 2193 2
319 2168 410 2193 mater
429 2167 485 2193 Dei
504 2167 544 2202 V;
570 2167 625 2194 Dei
644 2167 717 2195 fehlt
735 2169 771 2196 U.
793 2183 828 2187 --
851 2167 896 2202 22,
917 2167 935 2197 3
958 2170 1024 2197 Due
1042 2171 1144 2205 regina
1162 2171 1344 2198 saeculorum
1367 2172 1452 2201 SUV.
1474 2189 1511 2193 —

215 2202 260 2239 22,
281 2203 300 2231 4
319 2204 380 2232 Nos
400 2204 436 2230 ad
457 2206 570 2239 pastum
590 2205 762 2240 gaudiorum
782 2206 867 2234 SUV.
887 2221 924 2225 -—
944 2207 1001 2235 Str.
1021 2206 1058 2235 23
1078 2208 1170 2235 lautet
1189 2209 1220 2234 in
1240 2208 1331 2236 SUV:

643 2261 713 2295 Ave,
734 2262 770 2289 de
789 2271 847 2298 qua
866 2272 917 2299 spe
937 2272 1061 2292 coronae

645 2301 858 2335 Congressurus
878 2310 944 2328 eum
962 2302 1087 2329 1113οο110

641 2337 830 2373 Triumphale
846 2341 940 2366 carnis
960 2342 1074 2367 scutum

642 2375 706 2403 Sibi
726 2377 849 2412 sumpsit
868 2385 919 2405 rex
939 2378 1088 2404 virtutum.
