1650 2612
352 443 405 475 10.

352 670 404 702 11.

350 896 404 929 12.

350 1124 405 1155 13.

348 1350 402 1382 14.

347 1575 402 1608 15.

346 1803 401 1835 16.

345 2032 399 2064 17.

343 2260 398 2293 18.

693 134 946 169 —113-

399 252 405 258 .
433 227 511 270 Ave,
537 237 596 267 per
621 238 711 268 quem
737 231 839 261 sancti
864 233 1035 270 operantur
1060 231 1219 274 virtutem,

431 275 469 306 In
495 274 703 308 tribulatione
729 277 914 309 devicerunt
937 279 1068 320 hostem,

433 322 509 361 Fac,
535 326 571 353 ut
597 323 730 355 devictis
754 325 872 356 nostris
897 326 1026 357 tandem
1049 325 1185 358 inimicis

434 368 521 399 Tuae
545 372 618 408 post
641 370 702 402 hac
726 369 868 403 fruamur
893 372 1014 404 visione
1038 373 1135 411 pacis.

434 444 512 483 Ave,
538 444 622 485 Iesu,
650 446 738 477 cuius
762 446 881 477 nomini
903 447 1059 486 psalmum
1084 448 1197 486 dicam,

434 491 619 523 velamento
643 492 730 524 cuius
755 495 917 532 protectus
942 494 1049 525 hostes
1074 495 1208 537 vincam,

432 537 553 570 Nomen
577 540 664 570 cuius
690 540 742 579 qui
767 540 820 571 hic
844 541 943 580 timet,
969 541 1176 573 hereditatem

433 585 613 617 Possidebit
639 589 671 617 et,
695 589 856 619 aeternam
881 586 1078 619 felicitatem.

431 671 512 710 Ave,
537 670 620 710 Iesu,
646 679 749 702 meum
771 671 920 714 salutare,

433 717 531 756 Quem
557 718 653 749 corde
677 718 829 749 benedico
855 719 889 750 et
910 727 975 758 ore,

433 763 546 796 Coram
571 767 604 795 te
626 773 710 796 nunc
735 773 788 796 cor
811 774 915 796 meum
939 764 1062 796 effundo

430 811 540 851 Teque
564 820 667 843 meum
692 812 868 843 adiutorem
893 812 997 844 laudo.

431 896 510 933 Ave,
535 894 617 939 Iesu,
645 896 732 928 cuius
756 906 824 927 sum
850 905 906 936 ego
932 905 1060 936 memor,

433 944 470 975 In
495 945 528 974 tc
551 944 618 975 solo
644 952 731 975 meus
756 944 912 975 recumbit
936 952 1034 980 amor,

431 991 469 1022 In
494 990 656 1022 matutinis
681 991 715 1021 in
739 993 771 1021 te
795 990 983 1028 meditabor,

432 1037 494 1069 Sed
521 1040 550 1068 et
576 1046 633 1076 per
660 1037 741 1068 diem
767 1037 827 1068 tibi
852 1036 1035 1068 confitebor.

431 1123 511 1162 Ave,
537 1122 620 1163 Iesu,
648 1121 735 1152 cuius
760 1121 918 1160 quondam
944 1121 1141 1153 divinitatem

432 1169 597 1208 Sapientes
622 1168 756 1199 scrutati
780 1171 854 1199 sunt
879 1170 909 1199 ct
933 1168 1140 1208 maiestatem,

431 1216 493 1248 Sed
518 1216 551 1247 hi
577 1215 818 1255 cogitationibus
844 1217 1039 1255 erraverunt,

429 1263 487 1303 Qui
512 1263 628 1294 altiora
652 1262 713 1293 Dei
738 1262 800 1302 ipsi
826 1262 1037 1301 quaesierunt.

429 1349 508 1388 Ave,
537 1346 623 1377 cuius
649 1346 767 1378 virtute
791 1348 913 1377 montes
937 1346 1121 1385 praeparati

429 1395 509 1427 Sunt
533 1397 566 1425 et
589 1391 702 1424 fluctus
727 1393 824 1424 maris
848 1393 937 1424 iussu
959 1393 1025 1424 eius
1050 1393 1180 1434 turbati,

428 1441 654 1474 Turbabuntur
679 1443 788 1480 gentes
813 1443 846 1470 te
869 1439 1005 1471 iudicem
1030 1439 1186 1477 videntes,

429 1490 526 1529 Quem
553 1488 661 1520 Iudaei
690 1486 913 1519 crucifixerunt
934 1486 1117 1519 irridentes.

429 1576 509 1613 Ave,
535 1573 617 1613 Iesu,
644 1580 734 1611 quem
760 1572 860 1603 omnis
884 1574 971 1602 terra
993 1572 1108 1603 adorat

427 1621 472 1653 Et
495 1620 644 1651 virtutem
669 1619 770 1650 omnis
795 1619 900 1651 anima
926 1621 1063 1658 enarrat,

426 1668 494 1699 Fac
515 1676 566 1698 mc
590 1667 649 1697 tibi
673 1667 856 1698 holocausta
879 1666 1054 1697 medullata

426 1715 530 1756 Digne
555 1713 669 1746 offerre
692 1716 798 1744 mente
821 1713 878 1745 scd
901 1713 1098 1753 incorrupta.

427 1802 507 1840 Ave,
533 1800 615 1839 Iesu,
643 1807 734 1839 quem
754 1797 947 1829 benedicunt
970 1806 1077 1829 omnes
1102 1802 1220 1838 gentes,

429 1848 487 1881 Cui
510 1847 579 1879 nati
605 1845 782 1878 clamabant
807 1845 961 1877 Hosanna
984 1845 1134 1886 dicentes,

425 1895 577 1934 Benedic,
604 1894 686 1935 Iesu,
713 1896 745 1925 et
769 1893 858 1924 salva
882 1895 969 1923 tuum
994 1893 1146 1932 populum

425 1943 552 1983 Meque,
579 1950 705 1982 quaeso,
731 1940 865 1980 respice,
891 1942 978 1973 tuum
1003 1938 1203 1972 infantulum.

425 2030 506 2068 Ave,
532 2029 616 2067 Iesu,
643 2027 697 2067 qui
722 2035 754 2058 es
778 2035 867 2058 mons
893 2025 1085 2066 coagulatus,

425 2077 520 2109 Mons
544 2075 681 2116 pinguis,
702 2083 796 2106 mons
820 2073 968 2105 fidelibus
993 2082 1119 2113 semper
1143 2077 1262 2116 gratus,

425 2125 576 2157 Nostrum
601 2123 673 2165 iter,
700 2130 826 2162 quaese,
853 2119 905 2152 fac
930 2130 1055 2161 semper
1078 2130 1277 2163 prosperum,

425 2172 475 2204 Ne
500 2181 557 2203 nos
581 2171 703 2202 laceret
725 2169 832 2209 lingua
858 2177 969 2200 canum
993 2171 1127 2203 tuorum.

423 2258 503 2298 Ave,
530 2255 584 2295 qui
611 2253 815 2294 opprobrium
843 2253 1030 2292 sustinuisti,

425 2305 503 2338 Cum
528 2304 561 2335 in
589 2310 682 2334 cruce
707 2303 847 2332 nostram
872 2301 1005 2332 salutem
1030 2301 1136 2342 sitisti,

423 2353 525 2392 Eripe
549 2360 600 2382 me
623 2350 684 2381 hoc
710 2348 750 2380 de
773 2348 851 2389 luto,
876 2357 917 2379 nc
941 2347 1065 2388 infigar,

423 2400 469 2432 Et
491 2399 553 2438 fac,
582 2398 621 2430 de
646 2396 786 2438 peccatis
811 2396 889 2427 meis
914 2399 947 2427 ut
974 2405 1175 2438 compungar.

215 2460 345 2485 breves,
362 2458 484 2481 Psaltoria
500 2457 654 2487 lthythmicu.
685 2456 706 2480 1.
