1650 2612
199 180 249 213 17.

202 405 252 436 18.

197 627 250 658 19.

200 851 253 882 20.

196 1064 249 1097 21.

200 1280 255 1311 22.

200 1494 255 1526 23.

200 1709 253 1740 24.

200 1924 254 1956 25.

204 2137 258 2169 126.

713 82 947 116 —50—

276 181 353 221 Ave,
377 180 457 219 Iesu,
487 183 518 210 et
544 180 583 210 de
607 178 707 218 spinis

278 227 484 258 Peccatorum
510 229 541 256 et
566 226 664 257 ruinis

278 272 382 311 Salva,
410 281 536 311 quaeso,
559 280 617 310 me,
644 279 684 302 ne
708 270 800 301 minis

278 319 386 351 Hostis
412 320 520 350 tradar
545 317 701 349 belluinis.

279 404 357 443 Ave,
385 403 466 442 Iesu,
493 404 563 434 Iesu
587 401 678 439 bone,

280 449 394 489 Legem
421 449 491 486 ipse
511 448 587 479 mihi
612 455 703 486 pone,

278 496 376 533 Quam
400 497 524 526 secutus
549 494 672 525 actione

278 542 346 573 Tua
370 539 460 572 fruar
485 540 614 574 visione.

277 626 355 668 Ave,
382 624 464 664 Iesu,
492 626 546 656 lux
571 624 681 661 beatis,

277 672 352 703 Tuis
379 671 468 702 donis
494 674 588 710 atque
613 670 696 702 datis

279 718 346 750 Fac
370 726 419 750 me
444 718 558 749 laetum
583 718 632 749 his
656 716 799 757 sublatis,

282 764 556 805 Quaeimpugnant
563 765 625 796 iam
636 772 685 795 me
691 764 799 803 gratis.

282 849 360 889 Ave,
387 849 468 888 Iesu,
494 857 534 880 ne
560 849 720 888 dormites,

279 895 417 936 Surgunt
440 896 555 938 hostes,
583 904 630 936 en,
652 894 799 936 immites,

279 943 416 981 Quorum
440 951 480 973 ne
504 941 670 974 formidem
694 941 777 981 lites,

280 989 355 1020 Tuis
383 989 471 1020 donis
496 992 530 1020 tu
554 997 605 1019 me
630 989 721 1020 dites,

276 1065 354 1103 Ave,
381 1063 462 1106 1esu‚
491 1067 524 1095 tu
549 1063 602 1102 qui
627 1063 718 1094 sedes

276 1110 320 1141 Et
343 1112 492 1149 paternas
517 1110 600 1149 regis
625 1109 726 1147 sedes,

278 1156 322 1188 Ut
347 1156 498 1188 caelestes
524 1164 619 1195 super
644 1156 751 1195 aedes,

278 1204 354 1243 Fac,
374 1203 437 1234 sint
449 1205 568 1234 stantes
582 1202 680 1234 nostri
691 1203 800 1243 pedes,

284 1279 360 1317 Ave,
387 1278 469 1318 Iesu,
495 1286 629 1316 regnans
654 1285 737 1319 vere,

278 1325 346 1356 Fac
370 1333 425 1355 nos
450 1332 574 1363 semper
597 1327 628 1354 te
653 1323 770 1366 videre,

280 1371 340 1409 Qui
364 1374 396 1401 te
421 1371 526 1402 colunt
550 1379 633 1401 nunc
661 1370 789 1409 sincere,

282 1417 402 1455 Nostri,
428 1417 523 1458 Deus,
549 1418 706 1448 miserere.

281 1493 360 1534 Ave,
387 1492 468 1530 Iesu,
495 1491 593 1523 funde
617 1492 701 1523 rivos

281 1538 412 1571 Pietatis
437 1547 532 1578 super
557 1539 654 1578 vivos,

279 1585 365 1617 Deus
390 1594 485 1624 super
510 1594 616 1617 omnes
644 1586 742 1623 divos,

280 1632 373 1664 Solve
398 1634 468 1664 tuos
495 1635 526 1663 et
550 1632 700 1671 captivos,

279 1709 358 1746 Ave,
383 1707 467 1746 Iesu,
494 1708 601 1746 gluten
627 1706 719 1746 forte,

282 1754 336 1785 Me
362 1755 401 1786 de
423 1758 623 1793 peccatorum
650 1757 744 1797 sorte,

282 1801 412 1843 Quaem,
438 1802 539 1838 trahe,
565 1809 606 1832 ne
629 1810 680 1832 me
705 1799 787 1832 forte

283 1848 537 1887 Apprehendant
552 1848 662 1879 mortis
680 1851 801 1886 portae.

282 1923 360 1962 Ave,
387 1923 469 1963 Iesu,
496 1925 530 1953 tu
555 1931 644 1961 quem
671 1923 785 1954 scimus

283 1970 399 2000 Panem
425 1973 577 2007 nostrum,
604 1972 688 2000 retro
711 1969 802 2008 imus,

284 2015 324 2046 Ni
349 2023 523 2055 succurras,
551 2018 581 2045 et
606 2016 753 2058 perimus,

284 2061 453 2101 Consolati‚
480 2060 541 2101 fac,
567 2064 602 2092 ut
622 2062 728 2093 simus.

285 2137 362 2178 Ave,
390 2136 471 2176 Iesu,
498 2135 539 2168 ad
563 2144 613 2167 me
637 2146 762 2169 manum

286 2183 380 2214 Mitte
407 2185 502 2222 tuam,
529 2181 580 2214 fac
603 2192 653 2214 me
677 2192 795 2225 sanum,

287 2230 329 2262 Ut
353 2239 415 2262 non
440 2228 558 2261 frustra
575 2230 624 2261 vel
641 2231 674 2261 in
691 2239 804 2262 vanum

287 2277 440 2309 Mundum
472 2285 586 2316 sequar
618 2277 700 2308 hunc
731 2287 805 2317 pro-

583 2322 699 2355 fanum.

873 178 926 209 27.

873 402 926 434 28.

873 626 928 657 29.

871 850 926 882 30.

870 1063 924 1097 31.

874 1279 928 1310 32.

875 1540 928 1571 33.

874 1756 927 1787 34.

874 1972 929 2003 35.

877 2186 931 2218 36.

952 177 1031 218 Ave,
1059 178 1141 216 Iesu,
1169 177 1251 208 dona
1272 175 1381 215 gratis,

953 223 1047 256 Dona
1071 223 1212 261 multum,
1241 222 1323 254 dona
1348 220 1437 260 satiS‚

953 269 1070 301 Laeter
1094 269 1185 302 malis
1210 272 1245 300 ut,
1268 268 1412 307 sublatis,

953 316 1012 355 Qui
1036 320 1069 347 te
1093 315 1214 355 timent,
1243 323 1313 345 cum
1338 314 1450 347 beatis.

953 400 1031 439 Ave,
1058 401 1141 438 Iesu,
1169 398 1270 430 dulcis
1297 396 1370 440 fari,

953 446 1020 478 Fac
1042 446 1076 477 in
1101 445 1182 476 bono
1207 453 1258 477 me
1282 444 1413 484 firmari,

953 492 999 524 Ut
1021 501 1085 523 non
1110 492 1228 532 possim
1252 491 1438 531 expugnari,

954 538 1084 571 Hostem
1108 538 1182 570 iube
1204 537 1369 573 infirmari.

953 623 1033 666 Ave,
1061 624 1142 662 Iesu,
1169 623 1222 662 qui
1250 621 1383 655 effundis

952 670 1068 703 Pacem
1086 669 1216 701 multam
1232 669 1328 701 corde
1340 670 1475 710 mundis,

952 717 1006 750 Ad
1030 720 1062 748 te
1088 716 1186 748 clamo
1215 717 1255 749 de
1277 716 1446 755 profundis

951 763 1047 795 Malis
1073 763 1193 795 eunctis
1218 763 1432 803 gemebundis,
1453 761 1460 767 '

952 849 1030 890 Ave,
1060 848 1142 888 Iesu,
1174 856 1326 879 summum
1354 849 1476 889 datum,

952 894 1008 933 Sit,
1036 893 1120 934 quod
1143 897 1227 933 peto,
1252 894 1313 926 tibi
1337 897 1475 935 gratum,

952 941 1065 973 Cordis
1088 941 1152 972 mei
1175 950 1250 981 rege
1275 944 1403 983 statum,

951 987 1001 1019 Ne
1025 988 1157 1019 vilescat
1181 988 1344 1020 elevatum.

950 1063 1027 1105 Ave,
1055 1064 1137 1101 Iesu,
1163 1063 1218 1094 lux
1244 1062 1316 1105 diei,

951 1109 1000 1141 Tu
1024 1110 1067 1140 sis
1092 1112 1198 1141 rector
1223 1110 1328 1141 cordis
1353 1110 1426 1151 mei,

952 1156 976 1189 O
1002 1165 1073 1195 spes
1095 1165 1224 1197 summa,
1250 1155 1296 1188 fili
1322 1158 1395 1197 Dei,

952 1202 1049 1241 Quam
1075 1203 1155 1242 elegi
1179 1203 1308 1243 requiei.

954 1279 1032 1319 Ave,
1060 1277 1175 1309 bonum
1201 1281 1232 1309 et
1255 1278 1437 1318 iucundum,

954 1323 1015 1354 Vas
1033 1325 1181 1364 unguenti
1201 1333 1315 1363 vasque
1324 1326 1473 1357 mundum

953 1370 1111 1402 Mundans
1150 1380 1252 1411 omne,
1293 1373 1379 1411 quod
1420 1373 1477 1403 im—

1253 1419 1413 1461 mundum,

955 1462 1018 1496 Gor
1042 1473 1182 1504 perunge
1207 1465 1438 1506 vagabundum.

955 1539 1032 1581 Ave,
1060 1541 1143 1578 Iesu,
1171 1549 1261 1579 quem
1286 1549 1393 1572 amare

954 1586 1097 1625 Aequum
1123 1589 1172 1616 est
1197 1590 1228 1618 et
1251 1587 1401 1628 salutare,

954 1631 1021 1664 Fac
1044 1633 1076 1664 in
1104 1633 1194 1665 domo
1219 1637 1273 1666 tua
1298 1637 1384 1667 stare

954 1678 999 1711 Et,
1023 1689 1073 1711 me
1098 1688 1223 1719 semper
1246 1685 1279 1713 te
1301 1681 1445 1715 laudare.

955 1756 1034 1795 Ave,
1060 1756 1142 1796 Iesu,
1167 1764 1279 1787 nomen
1306 1765 1412 1793 suave.

953 1802 1033 1834 Leni
1058 1802 1211 1841 quidquid
1236 1806 1338 1846 urget,
1362 1814 1459 1845 grave

954 1848 999 1880 Et
1022 1857 1041 1879 a
1064 1848 1155 1880 malis
1180 1849 1270 1881 nobis
1297 1859 1383 1893 cave,

955 1895 1067 1927 Preme
1091 1894 1176 1927 fluxa
1200 1897 1314 1928 mentis
1339 1908 1467 1938 pravae.

955 1971 1033 2008 Ave,
1060 1970 1142 2009 lesu,
1168 1970 1272 2009 ipsum
1298 1982 1440 2013 vernum,

954 2016 1011 2055 Qui
1038 2024 1070 2047 es
1094 2017 1194 2048 bonus
1218 2018 1251 2050 in
1276 2024 1449 2060 aeternum,

955 2062 1085 2095 Vultum
1110 2063 1202 2103 placa
1224 2068 1258 2097 tu
1283 2071 1462 2110 paternum,

955 2110 1068 2141 Procul
1093 2119 1161 2142 esse
1186 2109 1238 2143 fae
1262 2113 1436 2148 Avernum.

958 2184 1035 2224 Ave,
1063 2185 1145 2224 iesu,
1174 2187 1261 2219 dives
1288 2189 1389 2229 donis,

958 2232 1060 2270 Super
1084 2233 1184 2272 ripam
1209 2234 1382 2274 Babylonis

957 2278 1015 2318 Qui
1032 2289 1115 2310 nunc
1131 2277 1250 2317 flemus,
1271 2280 1321 2314 fac
1338 2287 1370 2315 tu
1389 2285 1481 2317 bonis

957 2324 1023 2357 Nos
1048 2327 1160 2358 adesse
1186 2329 1265 2359 caeli
1290 2330 1423 2364 throniS.
