1650 2612
400 201 431 233 9.

376 413 429 447 10.

377 638 430 669 11.

378 863 432 894 12.

378 1086 432 1117 13.

379 1311 434 1342 14.

381 1536 434 1567 15.

380 1761 435 1793 16.

381 1985 434 2017 17.

381 2210 434 2242 18.

672 100 903 137 -92—

457 199 537 231 Toto
563 200 659 231 corde
680 197 749 238 tibi,
775 198 856 241 Iesu,
885 197 1066 239 confitebor,

454 247 523 278 Tua
543 247 703 278 narrando
726 246 808 277 mira
830 246 864 276 in
887 248 921 276 te
941 244 1095 287 laetabor,

456 293 528 324 Tibi
552 293 661 324 laudes
683 300 809 331 semper
831 293 976 331 psallam,
1003 292 1167 330 altissime,

455 339 571 379 Meque
593 340 652 370 u'bi
676 339 828 370 subiciam
852 338 1033 370 humillime.

455 414 493 445 In
515 416 556 451 te,
583 423 601 445 o
626 414 707 446 bone
729 413 811 453 Iesu,
839 412 961 445 confido

455 461 499 492 Et.
521 460 555 491 in
577 460 641 491 tuis
663 460 766 500 plagis
789 469 840 491 me
863 458 1034 499 abscondo,

455 506 544 537 Rivis
568 515 700 546 quarum
723 515 743 537 a
765 507 898 538 maculis
921 507 1022 545 lavor,

456 552 510 584 Sic
533 553 617 584 salus
642 556 692 585 est
714 553 793 585 mihi
815 557 888 584 tuus
911 553 1004 584 livor.

456 636 543 668 Iesus
571 638 680 676 dulcis,
707 637 794 668 cuius
817 638 900 669 latus
924 638 957 668 in
984 644 1077 667 cruce

455 684 516 715 Est
536 687 690 723 apertum,
716 687 752 715 ut
775 693 832 716 nos
857 684 896 716 ab
923 683 1006 716 omni
1030 682 1120 714 faece

455 731 611 771 Purgaret
635 731 807 774 criminum,
832 740 887 763 suo
912 730 1062 770 sanguine

455 777 520 809 Hic
542 787 599 810 nos
624 777 777 810 defendat
800 787 821 809 a
843 777 958 810 fraude
981 776 1128 810 Satanae.

458 861 529 893 Iesu
557 863 668 904 dulcis,
693 862 722 893 si
745 864 808 894 mei
831 862 1039 900 obliviscaris,

458 908 492 940 Si
515 912 549 940 tu
573 908 687 941 faciem
711 918 731 940 a
752 918 804 940 me
829 909 1036 950 elongaveris,

456 955 557 987 Dolor
581 957 643 987 erit
664 958 697 987 in
723 957 819 988 corde
846 965 916 988 meo
940 964 999 996 per
1025 955 1118 996 diem,

456 1001 558 1033 Nocte
580 1012 681 1043 neque
704 1003 824 1034 nullam
847 1003 984 1043 sperabo
1009 1003 1159 1042 requiem.

457 1087 537 1126 Ave,
563 1087 646 1130 Iesu,
673 1087 727 1127 qui
750 1087 871 1127 positus
894 1088 928 1118 in
953 1087 1077 1119 ruinam

456 1132 692 1174 Multorumque
716 1142 749 1164 es
774 1137 806 1165 et,
829 1134 1102 1175 resurrectionem,

457 1179 508 1210 Ne
531 1189 588 1211 nos
615 1181 782 1221 disperdas
805 1182 853 1212 uti
876 1180 1073 1223 insipientes,

458 1226 517 1264 Qui
541 1229 574 1257 te
599 1228 754 1268 denegant
777 1228 809 1259 in
836 1228 933 1259 corde
953 1226 1222 1267 blasphemantes,

458 1311 539 1350 Ave,
563 1311 646 1352 Iesu,
669 1312 756 1343 cuius
780 1311 939 1344 habitabit.

459 1357 719 1398 Tabernaculum‚
746 1359 799 1398 qui
820 1368 882 1390 non
906 1358 1038 1390 habebit

460 1404 603 1436 Alicuius
627 1406 750 1445 peccati
773 1406 926 1437 maculam

458 1451 497 1482 In
521 1452 625 1483 anima
649 1455 742 1491 atque
764 1462 874 1492 rugam
896 1454 1005 1484 ullam.

457 1536 537 1573 Ave,
562 1536 645 1576 Iesu,
671 1545 744 1576 spes
769 1537 907 1568 omnium
931 1536 1126 1577 miserorum,

460 1581 619 1615 Conserva
641 1586 736 1624 atque
758 1592 887 1615 numero
913 1584 1084 1615 electorum

460 1629 596 1661 Ascribe
620 1634 652 1662 et
674 1629 807 1662 mirifica
831 1632 1039 1673 paenitentes,

459 1676 593 1708 Nostras
618 1686 740 1725 quoque
762 1680 798 1709 tu
823 1678 894 1709 dele
916 1678 1108 1717 iniquitates.

459 1761 539 1801 Ave,
563 1761 645 1805 Iesu,
672 1761 743 1793 fons
768 1765 917 1795 aeternae
940 1762 1035 1804 vitae,

460 1808 555 1840 Cuius
580 1817 680 1841 venae
701 1819 861 1850 nunquam
885 1814 960 1842 sunt
983 1811 1168 1851 exstinctae,

462 1854 513 1885 De
536 1858 590 1887 tuo
614 1857 768 1888 iudicium
791 1858 927 1896 prodeat

461 1901 567 1942 Vultu,
593 1905 702 1935 oculus
727 1912 860 1943 aequum
884 1906 1001 1939 videat.

461 1986 540 2025 Ave,
566 1987 640 2018 Iesu
663 1987 753 2027 bone,
778 1997 850 2019 mea
874 1988 1039 2029 fortitudo,

459 2032 598 2072 Diligam
621 2036 663 2073 te,
691 2034 741 2064 cui
764 2043 890 2075 semper
911 2045 963 2067 me
987 2036 1079 2077 (ledo,

461 2079 511 2111 Sis
536 2078 692 2119 refugium
715 2090 819 2113 meum
844 2085 876 2114 et
899 2083 1064 2123 liberator,

459 2125 499 2156 In
522 2126 727 2159 tribulatione
749 2137 844 2160 verus
867 2131 1041 2169 protector.

460 2210 540 2249 Ave,
566 2211 648 2250 Iesu,
674 2214 779 2242 terrae
801 2222 858 2245 rex
883 2216 915 2251 et
940 2213 1028 2251 caeli,

462 2256 558 2289 Cuius
581 2258 694 2289 laudes
720 2258 889 2292 decantant
913 2260 1030 2301 angeli²

462 2304 559 2342 Quem
582 2305 704 2337 tamdiu
729 2309 837 2344 patres
862 2309 963 2340 nostri
985 2307 1095 2338 videre

461 2351 570 2383 Terris
594 2355 702 2383 natum
726 2348 808 2385 'votis
834 2356 971 2394 cupiere.
