1650 2612
237 210 279 241 25

236 434 289 465 26.

238 883 292 915 28.

236 1108 291 1139 29.

237 1334 290 1366 30.

234 1558 288 1591 31.

232 1783 287 1815 32.

233 2009 288 2041 33.

233 2226 287 2257 34.

735 110 990 145 —176—

285 234 291 241 .
318 208 419 250 Salve,
445 209 542 248 virgo,
568 208 623 239 sed
649 206 794 245 fecunda,

313 255 421 286 Firma
429 256 570 296 mundos,
589 253 697 285 foedos
708 254 832 293 munda,

316 302 368 343 Et,
394 303 443 341 qui
470 300 571 333 aufert
591 309 694 336 regum
712 298 829 339 flatum,

315 349 429 388 Regem
456 348 545 379 nobis
570 346 621 378 fac
645 347 813 386 placatum.

318 434 396 475 Ave,
423 433 521 472 virgo,
546 432 605 463 Dei
632 432 727 473 quies,

317 480 364 511 Tu
390 480 532 518 antiquos
557 479 633 509 mihi
659 478 725 509 dies

315 526 368 567 Et,
394 534 452 565 per
473 526 573 557 Evam
598 534 687 564 quam
713 525 813 566 amisi,

315 573 427 604 Redde
449 573 547 603 lucem
573 572 723 611 paradisi.

318 657 421 699 Salve,
446 657 545 698 virgo,
571 666 650 696 quae
674 658 786 688 rorasti

313 704 362 735 Dc
386 709 505 736 secreto
530 704 648 735 ventris
675 704 752 735 casti

317 751 418 790 Super
442 760 497 783 ora
521 754 719 790 peccatorum

315 799 430 829 verum
455 806 566 837 panem
592 798 780 837 angelorum.

319 882 421 921 Saite,
446 883 595 921 templum
617 883 824 923 impollutum,

317 930 412 962 Cuius
438 929 553 960 mundo
579 938 633 960 eor
657 932 782 961 exutum

316 976 412 1007 Nulla
435 985 570 1015 unquam
595 976 749 1007 saeculari

318 1023 385 1054 Lue
409 1023 510 1063 quivit
532 1023 699 1062 inquinari.

318 1106 420 1146 Salve,
447 1107 554 1138 mundi
576 1107 742 1147 medicina,

316 1154 416 1185 Misce
441 1157 546 1193 potum
572 1157 604 1185 et
627 1156 759 1193 propina

315 1200 396 1232 Mihi
421 1199 526 1232 fletum
552 1205 729 1232 mensurate

317 1248 377 1279 Pro
403 1248 524 1286 peccati
549 1248 732 1287 quantitate.

318 1332 420 1373 Salve,
445 1342 543 1372 Virgo,
569 1332 626 1364 fios
651 1333 789 1371 aestatis,

315 1379 363 1411 Tu
389 1380 513 1411 divinae
537 1380 701 1411 suavitatis

314 1427 379 1458 Mel
405 1429 436 1457 et
460 1436 573 1458 manna
597 1427 763 1466 suscepisti

313 1473 358 1504 Et
381 1473 459 1505 haec
482 1473 572 1505 nobis
597 1474 776 1513 porrexisti.

316 1558 384 1590 Salv
392 1567 418 1597 e,
444 1559 541 1599 virgo,
569 1557 643 1598 fuga
667 1561 806 1600 mortem,

316 1604 414 1636 Serva
438 1614 507 1636 reos
533 1609 563 1636 et
587 1606 619 1636 in
644 1608 759 1637 sortem

314 1651 465 1683 Transfer
490 1652 549 1684 Dei
574 1651 719 1692 filiorum,

313 1698 502 1738 Reparatrix
526 1699 731 1739 perditorum.

313 1783 415 1823 Salve,
442 1784 529 1823 virgo
555 1784 750 1823 admiranda,

312 1830 409 1861 Nulla
433 1831 490 1862 tibi
516 1832 737 1872 comparanda,

316 1877 411 1908 Nulla
435 1878 507 1909 talis
532 1878 563 1909 iu
589 1879 714 1918 puellis,

313 1924 486 1957 Universas
511 1928 544 1956 tu
568 1926 746 1964 praecellis.

314 2008 416 2048 Salve,
442 2009 539 2048 virgo,
566 2017 645 2048 quae
670 2010 709 2041 de
733 2011 817 2042 tristi

313 2055 403 2086 Valle
426 2054 516 2086 fletus
542 2056 706 2098 emersisti,

313 2102 392 2134 Orta
413 2103 506 2133 terris
533 2108 563 2133 et,
586 2103 619 2133 in
641 2112 728 2134 mare

311 2149 362 2181 Da
387 2150 510 2180 excelso
536 2149 675 2182 rutilare.

315 2224 419 2265 Salve,
445 2228 531 2255 terra
555 2223 724 2267 fructuosa,

314 2272 385 2303 Iesu
409 2274 510 2303 mater
534 2280 695 2312 generosa,

312 2318 363 2350 De
388 2328 448 2358 qua.
473 2318 562 2350 nobis
585 2319 678 2350 modo
701 2320 780 2351 miro

313 2366 370 2399 Vir
394 2366 547 2406 processit
573 2366 640 2397 sinc
664 2366 742 2398 viro.

903 209 957 240 35.

904 432 957 463 36.

903 657 957 688 37.

902 883 956 915 38.

904 1109 957 1141 39.

904 1334 957 1366 40.

903 1561 957 1591 41.

900 1786 955 1817 42.

901 2012 956 2044 43.

902 2230 956 2260 44.

984 207 1086 246 Salve,
1113 206 1241 245 grandis
1266 208 1298 236 et
1319 204 1446 244 pusilla,

983 253 1089 284 Mater
1113 253 1178 283 eius
1203 255 1234 284 et
1259 252 1382 293 ancilla,

984 299 1076 331 Cuius
1099 299 1206 330 tremit
1231 299 1422 330 dominatum

982 346 1128 377 Altitudo
1153 348 1352 385 potestatum.

982 431 1062 469 Ave,
1088 431 1185 471 virgo,
1213 430 1319 461 mundi
1344 430 1420 470 vita,

984 477 1031 509 Tu
1058 486 1125 508 cum
1153 480 1224 508 nato
1247 478 1288 508 da
1311 476 1421 516 petita,

985 525 1028 557 Ut
1052 533 1101 554 me
1127 523 1186 555 Dei
1212 524 1348 554 civitatis

985 571 1090 602 Civem
1117 579 1185 601 esse
1209 569 1344 602 faciatis.

984 655 1089 697 Salve,
1117 655 1215 697 virgo,
1244 655 1310 687 dies
1336 654 1417 686 festa

984 703 1045 734 Per
1069 705 1101 733 te
1124 703 1228 734 solvat
1251 712 1271 733 a
1294 702 1427 734 molesta

983 751 1184 789 Paupertate,
1211 758 1272 789 qua
1297 749 1417 789 laboro,

982 797 1087 828 Mater
1112 796 1229 836 absque
1254 796 1313 827 viri
1339 796 1439 827 thoro.

983 882 1085 920 Salve,
1113 882 1200 921 virgo
1226 884 1257 912 et
1280 882 1409 921 laetare,

983 929 1029 960 Te
1052 929 1084 960 in
1112 928 1207 960 caelis
1231 929 1388 968 imperare

983 975 1067 1008 Gens
1093 979 1125 1006 et
1148 975 1254 1015 lingua
1278 975 1378 1006 omnis
1402 975 1483 1007 sciat

984 1024 1020 1055 In
1044 1025 1213 1065 aeternum,
1241 1021 1307 1061 fiat,
1331 1021 1396 1054 fiat.

985 1109 1087 1146 Salve,
1114 1108 1212 1148 virgo,
1240 1107 1326 1139 cuius
1352 1108 1415 1138 oris

982 1155 1032 1186 De
1056 1155 1225 1194 splendore
1250 1154 1421 1186 conditoris

984 1201 1141 1241 Splendor
1160 1202 1244 1234 clare
1260 1201 1500 1241 resplendescit,

982 1249 1081 1280 Lucet
1106 1257 1230 1289 corpus,
1256 1257 1310 1280 eor
1335 1248 1490 1281 clarescit.

987 1333 1088 1371 Salve,
1112 1333 1210 1372 virgo,
1239 1333 1334 1364 decus
1358 1341 1473 1372 rerum,

982 1380 1028 1411 Te
1052 1380 1180 1411 iuvante
1202 1388 1251 1411 me
1278 1380 1398 1411 dierum

984 1427 1156 1459 Comitetur
1179 1427 1341 1467 longitudo

982 1474 1024 1505 Et
1049 1474 1161 1506 salutis
1186 1474 1360 1514 plenitudo.

985 1558 1088 1599 Salve,
1115 1559 1227 1590 cedrus
1254 1559 1402 1598 exaltata,

986 1606 1079 1645 Virgo
1106 1606 1230 1645 palmae
1255 1609 1436 1648 coaequata,

982 1654 1132 1685 Premens
1158 1661 1231 1684 arce
1256 1653 1418 1692 dignitatis

985 1700 1105 1732 Cuncta
1129 1700 1214 1740 ligna
1239 1700 1420 1740 voluptatis.

983 1785 1087 1824 Salve,
1112 1785 1211 1826 virgo,
1238 1794 1318 1824 quae
1345 1785 1490 1817 decorem

982 1832 1130 1872 Induisti,
1157 1835 1329 1863 creatorem

984 1879 1193 1911 Praecinxisti
1216 1879 1349 1919 pulchre
1373 1879 1487 1918 Deum,

983 1927 1086 1959 Carne
1109 1927 1227 1958 munda
1251 1927 1359 1958 velans
1386 1935 1467 1959 eum.

983 2012 1087 2049 Salve,
1113 2011 1201 2051 virgo
1227 2010 1375 2050 gratiosa,

983 2059 1040 2099 Tu,
1064 2067 1141 2098 quae
1167 2057 1251 2088 mitis
1277 2061 1309 2088 et
1332 2056 1471 2091 formosa

983 2105 1086 2144 Super
1110 2113 1216 2135 omnes
1242 2113 1275 2135 cs
1298 2105 1432 2147 puellas,

983 2152 1013 2184 A
1038 2156 1070 2183 te
1094 2160 1252 2190 nunquam
1276 2159 1326 2182 me
1350 2153 1499 2191 repellas,

984 2227 1087 2266 Salve,
1113 2226 1201 2266 virgo
1226 2225 1355 2257 vincens
1380 2228 1488 2272 solem,

983 2275 1069 2306 Tuus
1093 2272 1198 2304 infans
1223 2275 1328 2304 terrae
1352 2275 1467 2308 molem

983 2321 1122 2360 Fundat,
1147 2320 1244 2351 librat
1269 2323 1301 2351 et
1325 2324 1490 2364 appendit,

984 2368 1079 2399 Fines
1104 2376 1197 2399 manu
1223 2368 1472 2407 comprehendit.
