1650 2612
694 119 950 153 —160-

200 219 254 250 25.
279 217 359 256 Ave,
385 224 442 255 per
467 224 556 255 quam
581 213 743 250 Dominus,

326 263 444 303 pietate
468 266 579 301 motus,

279 310 414 342 Humilis
439 309 595 351 apparuit,

324 357 358 388 in
382 357 501 388 Iudaea
524 358 626 395 notus,

279 405 408 437 Fortem
431 402 539 434 reddit
561 401 705 441 spiritum

327 449 474 489 frangens
500 448 602 480 carnis
627 450 736 483 motus,

279 497 324 529 Ut
349 497 461 528 devote
484 495 601 527 serviat

328 543 387 574 tibi
411 543 470 574 toti
493 545 587 575 totus

200 622 252 652 26.
279 619 358 658 Ave,
384 621 484 650 mater
505 617 633 659 gratiae,

327 666 454 705 gemmis
478 664 634 702 redimita,

281 713 395 750 Mater,
421 721 478 752 per
503 720 594 751 quam
618 718 790 749 pauperum

329 768 390 791 vox
415 762 463 790 est
485 758 641 796 exaudita,

283 807 367 838 Tuus
388 807 477 837 nobis
500 804 584 837 filius

329 854 362 884 in
387 853 545 892 praesenti
569 852 635 883 vita

284 901 345 932 Via
369 900 410 930 sit
434 903 465 931 et
488 899 603 930 veritas

328 947 360 978 in
387 945 490 978 futura
515 946 585 978 sita.

202 1025 256 1057 27.
283 1024 359 1064 Ave,
387 1026 472 1054 terra
497 1021 616 1062 gloriae

331 1070 508 1110 germinans
533 1067 732 1105 frumentum,

284 1116 457 1148 Animabus
483 1114 645 1147 conferens

332 1163 415 1194 vitae
438 1162 670 1201 nutrimentum,

287 1210 376 1249 Quod
400 1210 432 1241 in
458 1209 557 1241 crucis
583 1208 728 1239 cornibus

332 1267 350 1288 a
374 1257 500 1289 Iudaeis
525 1259 642 1286 tentum

284 1304 450 1336 Mor-iendo
477 1303 656 1341 centuplum

336 1351 408 1381 tulit
429 1351 664 1381 incrementum.

208 1429 265 1460 28.
292 1427 370 1465 Ave,
397 1425 436 1457 de
461 1435 522 1465 qua
544 1424 665 1464 prodiit

335 1475 425 1513 pater
450 1472 670 1511 orphanorum,

291 1520 383 1551 Cuius
408 1520 557 1558 templum
581 1518 696 1558 polluit

336 1566 429 1599 turba
452 1565 663 1606 profanorum,

289 1614 401 1645 Servos
427 1617 495 1645 tuos
520 1621 605 1644 soma

335 1661 412 1691 sorti
435 1661 598 1692 beatorum

289 1708 451 1746 Filiosque
474 1707 602 1746 pos51de

336 1757 437 1786 morte
459 1755 650 1794 punitorum.

211 1834 265 1865 29.
291 1832 369 1872 Ave,
394 1831 496 1862 lumen
522 1829 607 1868 fidei,

342 1887 457 1909 summa
481 1878 548 1917 spei
574 1880 688 1917 certae,

293 1925 441 1957 Caritatis
465 1925 633 1965 vinculum,

338 1971 479 2002 veritatis
503 1980 560 2010 per
580 1974 613 2002 te

292 2019 352 2049 Yia
375 2018 466 2049 nobis
490 2017 602 2057 patuit,

340 2072 466 2105 quaeso,
490 2073 547 2095 nos
572 2067 720 2095 converte

291 2112 345 2152 Et,
371 2119 411 2142 ne
434 2112 516 2142 mala
540 2111 678 2147 videant,

341 2158 446 2190 oculos
471 2161 590 2191 averte.

215 2237 268 2268 30.
292 2236 372 2273 Ave,
399 2235 485 2265 cuius
509 2232 592 2265 filius

343 2281 473 2312 dextera
496 2280 618 2319 potenti

294 2328 345 2360 Ab
370 2328 509 2368 Aegypti
535 2327 667 2366 cophino

342 2384 413 2408 suos
437 2376 469 2407 in
494 2374 654 2415 praesenti

949 215 1130 248 Liber-ando
1157 215 1261 248 reficit

995 262 1091 301 adipe
1115 262 1265 294 frumenti

948 309 992 340 Et
1018 309 1057 340 de
1081 313 1173 348 petra
1197 309 1291 340 satiat

997 355 1090 386 melle
1113 354 1292 396 profluenti.

870 431 923 463 31.
949 431 1029 471 Ave,
1057 431 1143 461 cuius
1167 429 1251 461 filius

998 476 1086 507 stetit
1110 477 1295 508 Iudaeorum

951 524 1116 563 synagoga
1140 523 1299 562 principes

993 570 1142 609 judicans
1168 578 1283 608 eorum,

952 617 1010 655 Qui
1034 617 1172 657 pupillos
1197 614 1343 647 refovens

998 672 1070 705 spes
1095 666 1143 695 est
1168 671 1344 703 egenorum,

951 711 1017 743 Nos
1043 711 1198 751 adoptans
1224 709 1317 748 erigit

997 758 1029 789 in
1054 766 1143 797 spem
1167 757 1313 789 filiorum.

870 835 925 866 32.
951 834 1030 872 Ave,
1056 841 1115 871 per
1139 841 1231 872 quam
1255 831 1346 863 nobis
1372 833 1421 861 est

1000 879 1111 911 similis
1137 879 1264 910 effectus

951 927 1049 966 Deus,
1073 926 1169 959 iudex
1194 926 1330 957 omnium

997 974 1120 1013 patiens
1146 976 1177 1004 et
1201 975 1316 1014 rectus,

951 1021 1070 1060 Purgat
1095 1020 1328 1060 conscientiam,

1000 1067 1127 1100 ordinat
1150 1067 1290 1106 affectus,

954 1116 997 1147 Ut
1022 1114 1113 1146 nobis
1137 1124 1199 1146 non
1223 1116 1335 1145 noceat

1001 1164 1109 1193 noster
1131 1159 1346 1200 imperfectus,

876 1238 929 1270 33.
955 1237 1035 1274 Ave,
1061 1236 1295 1268 tabernaculum

1003 1281 1088 1314 facta
1114 1283 1250 1324 deitatis,

956 1330 993 1361 In
1019 1339 1078 1368 quo
1104 1331 1206 1362 salvat
1229 1330 1389 1361 saeculum

1006 1375 1149 1408 Christus
1175 1386 1193 1407 a
1216 1377 1366 1416 peccatis,

957 1424 1059 1466 Solve,
1087 1432 1211 1464 quaeso,
1238 1423 1394 1455 vinculum

1003 1474 1130 1502 nostrae
1153 1471 1330 1513 pravitatis,

958 1517 1126 1549 Praestans
1150 1518 1364 1549 habitacu1um

1006 1573 1106 1596 novae
1131 1565 1294 1597 claritatis.

876 1644 929 1675 34.
955 1642 1035 1683 Ave,
1054 1643 1141 1672 terra
1164 1640 1285 1681 gratiae

1007 1687 1176 1720 fecundata
1201 1688 1301 1729 donis,

960 1736 1070 1767 Novae
1095 1734 1231 1766 fructum
1255 1734 1421 1775 proferens

1007 1782 1247 1821 benedictionis,

960 1830 1111 1862 Nostrum
1138 1829 1328 1862 desiderium

1007 1878 1126 1909 satians
1149 1878 1183 1908 in
1206 1876 1308 1915 nobis,

963 1926 1030 1957 Nos
1053 1934 1073 1955 a
1096 1924 1188 1956 malis
1214 1924 1352 1955 eximens

1010 1980 1128 2010 pravae
1152 1971 1299 2003 nationis.

883 2048 937 2080 35.
964 2048 1043 2088 Ave,
1070 2048 1154 2077 vit-ae
1179 2045 1350 2085 speculum,

1014 2094 1168 2132 virginum
1193 2092 1312 2132 regina,

968 2141 1065 2179 Quam
1086 2139 1235 2171 lustravit,
1258 2138 1397 2177 undique

1016 2187 1119 2227 gratia
1145 2186 1263 2223 divina,

964 2236 1081 2267 Aurem
1107 2236 1193 2267 tuam
1216 2239 1389 2271 pauperum

1012 2281 1158 2322 precibus
1182 2279 1310 2316 inclina,

968 2329 1051 2368 Quos
1074 2326 1207 2359 involvit
1230 2325 1345 2356 misere

1014 2374 1155 2408 sordium
1180 2373 1314 2406 sentina.
