1650 2612
260 182 290 215 8.

235 985 287 1018 10.

227 1385 281 1417 11.

221 1788 274 1819 12.

220 2190 274 2224 13.

315 182 360 213 Ax*
368 191 394 222 e,
419 183 452 212 te
476 181 644 212 amantium

363 237 483 260 summa
506 228 698 268 gaudiorum,

314 276 415 307 Venia
439 274 647 314 clamantium,

362 332 421 354 vox
446 321 702 360 compeditorum,

314 369 367 400 Ad
392 372 424 400 te
449 368 665 407 exsulantium,

362 418 396 446 ut
418 423 528 454 preces
554 423 658 446 eorum

314 463 437 493 Intrent
460 462 491 492 in
516 462 684 492 sacrarium

361 509 513 540 viscerum
537 511 671 540 tuorum.

312 583 392 621 Ate,
419 583 505 613 cuius
530 583 634 614 anima

359 629 483 662 Christo
507 629 676 669 benedicit,

313 677 398 715 Quae
421 684 516 714 super
540 677 660 708 malitia

357 725 466 755 nostra
491 731 559 753 eum
584 724 669 765 vicit,

313 770 388 802 Gum
415 770 518 801 cordis
545 770 690 802 duritiam

358 817 456 848 nostri
482 826 537 848 nos
562 818 691 859 addicit,

312 863 457 895 Humana
481 862 607 903 fragilia

355 919 413 950 per
438 913 469 941 te
492 911 525 941 in
549 920 584 942 se
609 912 711 943 discit.

312 986 391 1026 Ave,
417 986 575 1024 generatio

359 1036 444 1063 casta
467 1033 639 1074 geniturae,

310 1078 355 1109 Es
382 1079 486 1118 decor,
510 1078 674 1121 confessio,

357 1126 462 1157 lumen
488 1129 659 1167 creaturae,

313 1172 492 1204 Gratiarum
516 1173 597 1204 actio

358 1219 431 1250 hinc
454 1219 497 1249 sit
520 1219 576 1250 tib1
602 1221 678 1264 iure,

311 1264 390 1302 Quia
413 1267 601 1298 restauratio

354 1321 412 1350 per
436 1315 468 1342 te
486 1311 523 1343 fit
546 1317 686 1346 naturae.

306 1387 385 1425 Ave,
412 1387 498 1417 cuius
523 1389 669 1429 genitum,

356 1433 450 1465 draco
475 1443 537 1465 non
562 1436 692 1477 voravit,

306 1480 373 1511 Neo
397 1483 482 1511 tuum
510 1481 686 1513 calcaneum

354 1535 482 1566 serpens
507 1528 692 1566 vulneravit,

307 1573 369 1605 Sed
394 1574 453 1605 hoc
477 1575 517 1606 ad
542 1575 702 1607 interitum

352 1629 441 1652 suum
465 1624 672 1662 attemptavit,

305 1666 398 1698 Unde
422 1667 483 1698 sibi
506 1670 651 1700 meritum

349 1714 459 1746 mortis
485 1718 687 1755 comparavit.

300 1789 378 1828 Ave,
404 1790 488 1821 salus
513 1792 661 1834 gentium,

348 1840 433 1868 casta
458 1839 489 1867 et
514 1836 657 1879 fecunda,

305 1883 408 1915 Corde
431 1886 463 1914 te
487 1887 700 1923 quaerentium

347 1931 443 1962 corda
467 1930 518 1961 fac
541 1933 685 1973 iucunda,

298 1976 343 2008 Ut
367 1980 399 2007 te
424 1976 635 2011 confitentium

345 2032 422 2055 vasa
445 2022 549 2055 ferant
573 2028 690 2059 munda

297 2069 350 2100 Ad
374 2069 475 2101 Deum
500 2069 668 2104 fruentium

343 2116 413 2147 loca
436 2116 637 2152 laetabunda.

299 2190 378 2229 Ave,
406 2200 485 2231 quae
509 2194 650 2227 remissio

348 2241 453 2269 exstas
479 2239 589 2278 culpae
614 2240 706 2283 facta,

297 2285 491 2324 Protoplasti
514 2287 590 2319 vitio

346 2341 426 2374 quae
450 2331 510 2364 fuit
536 2339 706 2378 contracta,

738 86 994 121 —210—

988 181 1069 213 Nam
1094 182 1183 213 verbi
1207 181 1383 222 promissio,

1034 227 1151 259 adhibe
1176 227 1331 268 praefata,

986 275 1046 306 Est
1070 275 1102 305 in
1126 278 1179 306 tuo
1204 275 1322 315 gremio

1033 320 1097 352 fide
1121 326 1342 354 consummata.

906 399 958 431 14.
983 397 1062 436 Ave,
1089 406 1169 437 quae
1193 396 1299 428 felicia

904 803 958 835 15,

902 1208 954 1239 16.

900 1609 952 1641 17.

897 2014 952 2047 18.

1033 443 1091 475 Dei
1115 444 1257 475 bonitate

986 492 1110 523 Tenens
1128 491 1160 522 in
1185 491 1307 522 laetitia

1034 546 1102 569 cum
1127 538 1313 578 hereditate,

986 585 1089 616 Vitem
1114 585 1313 627 praecipitia,

1032 632 1115 664 omni
1140 633 1280 664 vanitate

984 679 1096 720 Spreta
1122 682 1154 710 et
1177 679 1317 718 nequitia

1030 735 1123 757 orner
1149 727 1291 758 caritate.

983 802 1061 839 Ave,
1088 810 1146 841 per
1170 811 1261 841 quam
1286 801 1323 833 fit
1347 811 1465 834 memor

1030 849 1116 880 Deus
1140 849 1330 888 testamenti,

982 896 1131 927 Patribus
1157 895 1240 936 quod
1263 896 1385 936 pepigit

1028 943 1096 982 lege
1119 943 1318 981 sacramenti,

981 990 1031 1021 Ac
1056 998 1124 1021 eum
1149 990 1304 1029 paenituit

1027 1037 1137 1068 ruinae
1162 1036 1313 1077 figmenti,

983 1084 1081 1122 Quam
1106 1092 1164 1122 per
1187 1087 1219 1115 te
1242 1084 1382 1115 restituit

1028 1131 1128 1169 gratia
1155 1130 1308 1162 clementi.

980 1205 1059 1248 Ave,
1086 1215 1144 1244 per
1168 1214 1260 1245 quam
1285 1210 1401 1238 exeunt

1029 1253 1165 1284 claustra
1187 1253 1348 1292 vinculati,

980 1298 1050 1330 Diri
1076 1308 1152 1339 quos
1176 1302 1341 1331 tenuerant

1029 1347 1164 1377 carceris
1191 1347 1337 1386 praelati,

983 1392 1092 1424 Caelos
1117 1401 1239 1433 quoque
1262 1397 1431 1432 penetrant

1029 1440 1138 1479 poenis
1161 1440 1297 1480 liberati,

979 1486 1043 1518 Ubi
1066 1489 1168 1517 tecum
1194 1485 1336 1518 referunt

1025 1534 1135 1565 laudes
1160 1533 1307 1565 trinitati.

980 1608 1060 1648 Ave,
1086 1609 1185 1649 virgo,
1212 1609 1308 1641 rutila

1026 1654 1214 1688 firmamenti
1238 1657 1341 1699 stella,

979 1703 1041 1735 Per
1065 1706 1096 1734 te
1122 1704 1226 1736 cordis
1250 1705 1374 1737 tumida

1023 1750 1057 1781 in
1081 1760 1190 1782 auram
1213 1752 1354 1793 procella

976 1797 1110 1837 Redeat,
1136 1798 1304 1839 perspicua

1023 1847 1117 1885 atque
1142 1846 1208 1877 eius
1234 1847 1315 1878 cella

978 1891 1088 1923 Dulcis
1113 1893 1160 1923 tui
1182 1893 1305 1933 liquida

1024 1937 1137 1979 flagret
1160 1945 1268 1980 gustus
1290 1942 1397 1974 mella.

976 2014 1056 2053 Ave,
1083 2023 1163 2053 quae
1186 2015 1337 2047 auxilium

1023 2060 1236 2093 tribulationis

976 2107 1131 2139 Tribuens
1157 2108 1332 2141 subsidium

1025 2156 1058 2185 et
1080 2155 1275 2194 tentationis,

978 2199 1094 2232 Confer
1118 2201 1319 2234 adminiculis

1023 2248 1264 2287 implorationis,

977 2295 1023 2327 Ut
1045 2294 1147 2326 inanis
1172 2296 1320 2334 scrupulo

1023 2341 1082 2372 sim
1106 2340 1288 2375 inflationis.
