1650 2612
710 115 962 148 —126—

207 213 262 244 39.
288 213 368 251 Ave,
393 220 474 252 rosa,
502 220 591 250 quam
618 209 806 252 mirandum,

287 259 386 298 Quam
413 258 525 290 devote
543 256 756 289 venerandum

334 306 404 337 Lux
429 304 648 343 inacessibilis,

288 352 381 383 Nube
407 351 509 382 carnis
534 350 618 390 quod
643 350 755 381 induta

288 399 353 431 Vili
377 406 468 430 sacco
493 397 634 428 involuta

332 446 433 477 Facta
456 446 504 475 est
526 443 670 476 visibilis.

206 511 261 543 40.
289 512 366 549 Ave,
393 518 474 550 rosa,
500 511 635 549 quantae
660 517 753 540 curae

286 557 368 589 Erat
392 556 450 588 tibi
472 556 643 595 pariturae,

335 603 411 636 Cum
435 605 590 634 tractares
617 603 761 642 dulciter,

288 651 385 690 Quam
394 649 564 689 ferventer,
575 659 666 690 quam
676 649 810 689 benigne

288 697 370 729 Nato
396 697 494 729 velles
520 700 552 727 et
576 705 667 736 quam
693 697 786 736 digne

334 744 505 776 Deservire
528 743 652 783 iugiter.

208 809 263 842 41.
289 810 369 849 Ave,
395 818 476 848 rosa,
503 810 610 849 quanti
635 811 749 849 aestus,

291 856 365 888 Cum
389 857 523 888 instaret
548 856 614 888 dies
639 855 732 888 festus

335 904 382 935 Te
406 903 563 943 angebant
587 903 748 943 virginem,

288 950 374 989 Quae
397 951 507 990 ignara
529 950 709 990 generandi,

289 996 373 1034 Quae
397 994 534 1028 infantes
559 995 713 1028 fasciendi

333 1043 477 1075 Necdum
502 1052 594 1074 noras
620 1044 771 1075 ordinem.

209 1109 263 1141 42.
290 1110 368 1149 Ave,
395 1117 476 1148 rosa,
502 1117 574 1140 reor
598 1111 710 1148 ratum,

291 1156 381 1195 Quod
394 1156 456 1187 iam
469 1157 550 1186 totos
563 1155 808 1187 necdumnatum

337 1202 385 1233 Tu
410 1200 538 1233 affectus
562 1204 714 1239 traxeras,

290 1249 379 1288 Quod
406 1249 439 1279 in
463 1248 567 1279 vultus
590 1249 722 1279 necdum
748 1249 810 1280 orti

292 1296 433 1328 Caritate
457 1303 585 1333 prorsus
610 1293 686 1326 forti

336 1342 446 1373 Totam
472 1344 504 1372 te
526 1341 776 1375 transfunderaS.

210 1409 264 1441 43.
291 1408 370 1447 Ave,
396 1415 477 1446 rosa,
503 1407 557 1446 pia
580 1410 685 1438 mente

290 1455 377 1486 Ilaec
401 1454 559 1493 ardenter,
590 1454 668 1485 haec
690 1454 811 1486 intente

338 1500 502 1541 Cogitabas
527 1501 639 1540 omnia,

290 1547 433 1580 Necdum
458 1550 549 1578 natus
575 1550 643 1579 erat
665 1547 730 1587 ille,

294 1595 338 1626 'Eu
363 1594 542 1632 complexus
568 1594 665 1626 dabas
689 1595 774 1626 mille

338 1642 429 1673 Mille
454 1641 552 1673 dabas
576 1641 673 1673 basia.

207 1745 263 1777 44.
291 1745 368 1785 Ave,
395 1753 474 1783 rosa,
503 1744 570 1775 sine
594 1754 682 1776 mora

290 1792 378 1823 Sacri
403 1793 513 1831 partus
538 1791 628 1823 adest
655 1792 740 1832 hora,

338 1839 473 1870 Verbum
501 1846 573 1870 caro
597 1840 747 1881 nascitur,

286 1886 336 1926 Et,
368 1886 419 1925 qui
444 1885 548 1924 pascit
572 1894 662 1917 omne
688 1887 802 1928 vivum,

288 1932 441 1964 Mundum
469 1941 587 1963 omnem
609 1932 809 1976 defectivum,

333 1980 400 2011 Tuo
425 1979 508 2010 lacte
531 1979 682 2017 pascitur.

878 210 933 243 45.
958 209 1038 250 Ave,
1064 216 1146 247 rosa,
1172 207 1244 238 dum
1269 207 1393 240 videres

958 255 1086 288 Florem
1110 255 1215 286 Iesum
1240 257 1272 285 et
1294 256 1439 293 stuperes

1009 302 1180 334 Glariorem
1205 301 1310 333 sidere

959 348 1140 381 Fasciatum
1167 350 1198 379 et
1217 348 1386 388 obtectum,

959 396 1141 428 Eiulantem
1163 395 1203 426 ad
1231 395 1379 426 dilectum

1006 442 1190 482 Applicaris
1215 441 1320 474 ubere.

878 509 933 541 46.
959 509 1039 548 Ave,
1066 516 1148 547 rosa,
1174 509 1274 539 mater
1300 507 1410 548 dulcis,

957 557 996 588 In
1020 562 1174 595 praesepe
1196 553 1288 586 foeno
1313 553 1406 585 fulcis

1006 603 1151 635 Flentem
1175 601 1373 640 sapient-iam,

959 649 1069 681 Fletus
1094 648 1150 679 ille
1176 648 1276 679 dulcis
1300 648 1365 679 voti

958 696 1144 728 Merebatur
1168 695 1284 726 mundo
1309 695 1368 726 toti

1008 742 1166 775 Creatoris
1191 742 1336 781 gratiam.

878 810 933 841 47.
959 810 1039 852 Ave,
1065 817 1148 847 rosa,
1174 810 1274 839 mater
1299 808 1377 848 spei,

960 856 1058 894 Quam
1082 854 1256 894 stupendus
1280 853 1371 886 fletus
1398 855 1459 887 Dei

1007 902 1072 935 Sub
1097 902 1210 940 pannis
1233 900 1397 942 infantiae,

958 948 1174 981 Admirandus
1198 948 1293 987 plane
1316 947 1419 989 fletus,

959 997 1152 1037 Angelorum
1172 997 1268 1034 pavet
1292 998 1398 1027 coetus

1006 1043 1131 1075 Fletum
1155 1042 1339 1081 sapientiae.

880 1110 934 1142 48.
960 1110 1039 1151 Ave,
1066 1117 1147 1147 rosa,
1174 1107 1302 1139 verbum
1328 1111 1446 1139 mutum

960 1156 1078 1187 Pannis
1105 1155 1190 1194 vagit
1213 1155 1398 1193 involutum,

1007 1201 1123 1234 Pannis
1148 1202 1273 1240 inquam
1297 1202 1421 1242 vilibus,

960 1249 1054 1288 Vagit
1076 1247 1192 1289 infans,
1217 1249 1320 1280 nescit
1344 1248 1415 1290 fari,

960 1295 1088 1327 Sursum
1115 1295 1166 1334 qui
1191 1295 1253 1325 scit
1276 1294 1413 1327 fabulari

1005 1341 1197 1381 Angelorum
1222 1342 1359 1374 milibus.

880 1410 934 1441 49.
959 1408 1038 1446 Ave,
1064 1416 1146 1449 rosa,
1170 1417 1261 1447 quam
1287 1408 1437 1440 decenter

961 1455 1059 1493 Quam
1095 1454 1246 1494 benigne,
1289 1464 1381 1494 quam
1418 1455 1480 1487 fre-

1259 1505 1391 1541 quenter

1007 1549 1090 1581 Nato
1114 1547 1184 1587 figis
1209 1549 1326 1588 oscula,

960 1595 1142 1627 Eiulantem
1166 1604 1260 1635 quam
1283 1596 1420 1638 abunde,

961 1643 1166 1675 Arridentem
1191 1651 1281 1681 quam
1307 1643 1443 1675 iucunde

1010 1689 1125 1723 Refieis
1148 1690 1331 1722 mamillula.

881 1748 935 1780 50.
960 1747 1041 1787 Ave,
1067 1755 1140 1779 rosa
1164 1747 1268 1777 vultus
1294 1747 1382 1789 clari,

962 1794 1029 1825 Iam
1053 1797 1085 1825 te
1110 1802 1224 1833 quaeso
1250 1795 1413 1826 recordari

1008 1841 1175 1873 Pastorum
1200 1841 1350 1881 laetitiae,

963 1888 1073 1921 Ortum
1099 1887 1211 1926 quibus
1237 1888 1339 1927 campi
1364 1888 1473 1923 florem

963 1935 1166 1974 Nuntiarunt,
1189 1935 1379 1967 salvatorem

1011 1982 1169 2013 Caelestes
1195 1982 1335 2015 militiae.

585 2063 780 2096 Secunda
803 2066 1090 2105 Quadragena.

231 2130 261 2163 1.
287 2129 367 2169 Ave,
394 2137 476 2168 rosa,
502 2131 650 2168 quantum
671 2131 800 2172 gaudes,

290 2177 365 2209 Cum
392 2178 553 2215 pastorum
578 2176 669 2207 audis
694 2177 804 2210 laudes

334 2223 435 2255 Deum
462 2223 717 2264 collaudantium,

289 2271 353 2303 Sed
375 2273 420 2310 tu,
445 2278 528 2309 rosa,
554 2270 650 2301 corde
672 2271 756 2303 lacto

291 2318 437 2351 Clausum
461 2325 569 2348 servas
593 2316 626 2348 in
651 2321 771 2349 secreto

337 2365 471 2396 Tantum
498 2364 558 2395 hoc
582 2364 774 2404 mysterium.

905 2134 935 2165 2.
961 2132 1040 2175 Ave,
1068 2140 1150 2168 rosa,
1178 2139 1247 2162 eum
1269 2131 1421 2163 infantem

962 2181 1054 2218 Aqua
1078 2179 1166 2210 lavas
1189 2178 1398 2218 palpitantem

1008 2224 1127 2257 Puerili
1151 2224 1287 2265 turbine,

963 2272 1139 2305 Arridebat
1161 2280 1234 2303 rosa
1256 2281 1357 2316 resae,

966 2320 1132 2359 speciosus
1157 2319 1319 2358 speciosae

1010 2365 1135 2399 Blanda
1158 2366 1191 2397 in
1219 2367 1394 2403 dulcedine.
