1650 2612
181 217 237 251 20.

177 621 232 651 21.

174 1024 228 1054 22.

175 1426 230 1457 23.

175 1829 229 1861 24.

178 2233 233 2265 25.

682 119 937 156 *220*

262 218 342 255 Ave,
368 216 550 250 salutarium

308 273 403 295 causa
425 265 620 306 gaudiorum,

260 311 390 342 Pariens
414 310 447 342 in
472 314 614 350 tempore

304 365 410 396 regem
434 358 637 395 saeculorum,

258 403 313 434 Fit
337 412 452 435 corona
477 404 589 443 capitis

307 459 421 481 corona
444 451 666 491 membrorum⁷

258 496 348 528 Finis
370 496 555 529 indeficiens

304 552 484 584 summaque
507 547 661 576 votorum.

258 620 337 658 Ave,
363 619 402 650 de
427 628 488 659 qua
511 618 632 658 prodiit

303 665 389 697 Deus
414 665 613 706 humanatuS,

261 712 370 744 Crucis
394 712 427 744 in
452 722 486 744 se
509 712 672 752 perferens

303 761 356 799 pie
380 761 547 801 cruciatus,

256 807 394 846 Propter
417 811 526 839 nostra
550 807 681 839 vulnera

306 854 403 893 gratis
428 855 610 886 vulneratus

256 900 389 932 Nostros
415 909 470 933 suo
496 901 646 940 sanguine

303 947 404 979 diluat
427 951 542 981 reatus

256 1023 335 1062 Ave,
362 1032 452 1062 quam
481 1031 537 1054 rex
562 1022 697 1054 omnium

300 1071 433 1100 matrem
458 1070 639 1108 praeelegit,

257 1116 302 1148 Ut
325 1116 368 1146 sit
391 1116 478 1148 locus
503 1125 640 1156 pascuae

302 1163 398 1202 gregi,
425 1172 516 1202 quem
541 1163 644 1203 elegit,

255 1209 352 1248 Virga
376 1209 419 1240 sit
443 1213 474 1240 et
497 1210 626 1241 baculus

301 1256 377 1295 illis,
403 1264 480 1296 quos
507 1257 641 1296 collegit,

256 1302 301 1333 Ut
323 1303 385 1333 iam
410 1303 489 1334 nihil
514 1303 596 1334 desit
620 1303 678 1345 his,

302 1358 379 1387 quos
405 1350 519 1380 electos
542 1350 633 1389 regit.

256 1425 336 1455 Ave.
362 1426 448 1455 terra
472 1425 599 1464 gloriae,

302 1473 397 1512 terra,
425 1480 516 1511 quam
540 1470 693 1514 fundavit,

258 1516 333 1549 Cum
358 1516 448 1548 nobis
474 1527 530 1549 rex
555 1519 673 1557 gloriae

303 1573 337 1595 se
362 1566 617 1604 contemperavit,

257 1611 315 1650 Qui
338 1620 396 1650 per
419 1615 551 1644 mortem
576 1613 750 1653 principem

302 1658 412 1689 mortis
436 1659 650 1700 triumphavit,

257 1705 322 1737 Nos
348 1715 366 1736 a
390 1709 491 1737 morte
514 1706 638 1746 liberet,

301 1761 376 1792 quos
401 1756 501 1784 morte
524 1754 667 1785 salvavit.

255 1829 333 1869 Ave,
362 1828 447 1860 cuius
472 1827 554 1860 filius

304 1875 404 1906 dulcis
430 1878 477 1907 est
502 1879 534 1906 et
557 1880 672 1915 rectus,

255 1922 301 1954 Ut
324 1922 436 1954 educat
462 1924 595 1964 exsules,

300 1977 433 2008 peregre
456 1969 627 2010 profectus,

260 2015 340 2046 Vere
363 2015 454 2047 nobis
479 2017 600 2057 gratiae

302 2061 416 2101 legifer
437 2062 562 2095 effectus

257 2109 295 2140 In
316 2117 350 2139 se
373 2113 497 2141 nostros
523 2112 647 2143 ordinet

303 2164 405 2187 mores
431 2160 462 2187 et
486 2157 624 2189 affectus.

258 2232 338 2271 Ave,
365 2240 444 2270 quae
470 2232 656 2265 dominicum

305 2278 480 2311 circumdas
505 2280 616 2322 altare,

259 2325 458 2358 Concludens
482 2327 515 2358 in
539 2331 628 2360 utero

304 2372 365 2404 Dei
388 2374 534 2418 salutare⁷

933 217 1051 248 Nostra
1074 220 1188 258 purget
1210 216 1323 251 intima

977 266 1089 302 potens
1114 265 1251 303 expia-re,

932 308 1079 341 Pontifex
1105 313 1136 341 et
1160 311 1263 342 hostia

976 359 1104 388 nostrae
1127 356 1230 388 factus
1255 366 1339 391 arae.

849 433 903 464 26.
929 432 1008 470 Ave,
1034 434 1135 463 mater
1159 432 1287 463 Domini

977 487 1033 509 nos
1057 478 1275 518 illuminantis,

929 526 1045 567 Mater,
1071 525 1206 568 inquam,
1233 525 1291 557 filii

975 581 1034 611 per
1057 575 1088 603 te
1110 582 1169 604 nos
1194 573 1355 612 salvantis,

930 619 1015 660 Tuis,
1042 619 1140 660 virgo,
1166 620 1287 651 meritis

975 666 1183 707 precibusque
1207 667 1323 698 sanctis

928 713 1016 744 Mitis
1042 713 1125 752 pelle
1148 714 1296 745 tenebras

974 760 1014 791 ad
1040 763 1071 791 te
1095 762 1293 800 suspirantis,

846 837 901 869 27.
927 837 1006 875 Ave,
1032 836 1205 875 pudicitiae

972 883 1074 914 titulis
1098 888 1219 924 ornata,

924 930 1031 961 Mater
1054 929 1138 963 facta
1162 930 1231 970 filii,

971 977 1026 1008 sed
1050 976 1212 1016 inviolata,

926 1024 1074 1063 Corporis
1100 1025 1231 1056 materia

970 1071 1019 1101 illi
1042 1071 1230 1111 ministrata,

925 1117 1018 1148 Cuius
1041 1117 1103 1149 iam
1128 1117 1269 1149 refloruit

972 1173 1043 1195 caro
1068 1166 1228 1197 suscitata.

842 1241 897 1271 28.
924 1241 1003 1278 Ave,
1030 1241 1130 1271 nostri
1155 1241 1278 1281 generis

973 1286 1067 1317 decus
1092 1288 1327 1330 sempiternum,

925 1333 1020 1365 Cuius
1045 1335 1199 1366 scandens
1223 1333 1308 1366 filius

972 1379 1084 1410 solium
1108 1384 1273 1420 paternum

924 1427 1080 1458 Residens
1104 1428 1138 1459 in
1163 1428 1294 1460 dextera

973 1482 1030 1504 rex
1052 1476 1101 1505 est
1123 1475 1154 1505 in
1182 1478 1353 1517 aeternum,

931 1519 1086 1552 Affectum
1111 1522 1307 1562 supplicibus

975 1567 1089 1599 exhibe
1113 1573 1299 1603 maternum.

845 1643 900 1674 29.
928 1643 1008 1681 Ave,
1035 1643 1075 1674 de
1100 1653 1161 1683 qua
1186 1645 1335 1685 gaudium

972 1688 1062 1720 fulsit
1086 1692 1282 1735 matutinum,

927 1736 1015 1775 Quod
1046 1737 1178 1770 detersit
1202 1739 1336 1771 hominis

972 1782 1079 1815 fletum
1103 1787 1328 1830 vespertinum,

927 1831 989 1863 Per
1015 1835 1176 1864 contusum
1203 1835 1343 1875 corporis

972 1887 1096 1911 saccum
1122 1881 1280 1915 cilicinum

926 1925 1112 1965 Redemptis
1137 1929 1283 1967 aperiens

973 1973 1115 2012 paradisi
1139 1975 1250 2007 sinum.

847 2048 901 2080 30.
928 2049 1006 2088 Ave,
1032 2049 1115 2088 regis
1140 2050 1278 2081 omnium

975 2096 1086 2129 civitas
1110 2097 1240 2139 munita,

929 2141 1048 2174 Civitas
1073 2143 1112 2175 ab
1137 2144 1257 2184 angelis

976 2189 1070 2229 digne
1095 2190 1260 2233 custodita,

927 2236 990 2267 Per
1014 2239 1047 2267 te
1070 2246 1126 2268 nos
1153 2237 1268 2276 eripiat

975 2283 1128 2324 Christus,
1153 2285 1208 2315 lux
1233 2286 1265 2314 et
1289 2285 1353 2317 vita

927 2330 964 2361 In
987 2339 1047 2369 quo
1071 2330 1216 2362 liberatio

974 2385 1109 2417 spesque
1131 2381 1242 2410 nostra
1265 2379 1335 2413 sita.

1355 2312 1363 2327 5
