1650 2612
521 603 600 636 XIV.
621 602 805 635 Psalterium
823 602 937 633 beatae
955 600 1071 631 Mariae
1092 599 1125 631 V.

596 692 729 724 Prima
755 690 1058 730 Quinquagena.

245 787 251 792 .
276 759 356 799 Ave,
382 760 469 798 virgo
493 758 658 798 virginum,

326 815 392 843 ave,
417 806 470 837 via
491 814 623 844 morum,

274 853 413 886 Edidisti
436 851 545 889 filium,

323 901 419 931 vitam
443 901 645 937 mortuorum,

276 947 335 985 Qui
359 956 419 977 non
445 946 475 977 in
504 945 665 976 consilium

322 993 400 1024 abiit
422 991 601 1033 impiorum,

274 1040 307 1072 Is
331 1048 389 1079 per
412 1042 444 1070 te
468 1038 641 1070 subsidium

326 1084 467 1118 conferat
492 1085 663 1117 beatorum.

243 1196 250 1202 .
276 1171 355 1210 Ave,
380 1169 436 1200 filii
461 1168 535 1210 filia,

325 1225 393 1255 ave,
418 1215 507 1246 verbi
532 1215 622 1256 cella,

279 1263 395 1295 Contra
420 1271 508 1301 quem
533 1271 609 1301 gens
633 1260 730 1301 impia

324 1309 431 1341 fremit
454 1317 580 1340 movens
605 1308 697 1347 bella,

281 1357 343 1389 Per
366 1360 398 1387 ie
421 1355 517 1387 saecli
540 1355 641 1386 maria

329 1404 423 1435 vineit
446 1402 541 1434 maris
565 1403 666 1440 stella,

281 1448 383 1482 Corde
408 1453 440 1481 et
462 1450 494 1480 in
520 1450 623 1480 anima

326 1505 406 1536 quae
429 1501 504 1529 sunt
525 1499 562 1526 ut
584 1496 737 1534 procella.

245 1607 251 1613 .
277 1583 354 1622 Ave,
381 1589 450 1612 mea
476 1580 609 1621 domina,

324 1636 391 1667 ave,
416 1636 486 1658 mea,
509 1628 605 1666 salus,

277 1675 426 1714 Reprime
452 1674 623 1715 daemonia,

321 1722 404 1753 absit
427 1723 526 1753 omnis
550 1721 659 1761 malus,

279 1769 328 1801 Tu
352 1768 395 1800 sis
418 1769 451 1800 in
475 1768 625 1800 memoria

324 1825 403 1854 mea,
429 1824 468 1847 ne
492 1815 548 1847 sim
574 1823 681 1849 vanus,

278 1863 364 1902 Quae
388 1871 420 1893 es
446 1871 515 1894 mea
539 1862 649 1902 gloria⁷

323 1908 384 1951 fac,
406 1914 441 1940 ut
465 1908 537 1941 fiam
563 1917 667 1940 sanus.

245 2021 251 2026 .
277 1994 357 2033 Ave,
384 1994 457 2032 quia
480 1994 638 2024 mundana

322 2044 354 2070 et
376 2048 457 2071 vana
481 2048 543 2071 non
568 2039 703 2079 quaeris,

277 2086 393 2119 Confer
417 2086 493 2117 mihi
518 2086 661 2127 humana,

322 2133 354 2164 in
380 2133 491 2171 quibus
514 2133 652 2172 laeteris,

277 2181 435 2211 Virtutum
460 2179 605 2220 insignia,

321 2227 469 2258 redimita
492 2227 586 2267 veris,

275 2274 393 2313 Quibus
417 2275 501 2305 vitae
524 2275 664 2313 praemia

322 2322 444 2362 capiam
465 2321 499 2353 in
524 2321 629 2353 caelis.

890 758 919 788 5.
945 756 1025 794 Ave,
1050 753 1140 785 verbi
1162 753 1302 792 vernula,

993 801 1066 833 audi
1092 804 1124 832 et
1149 801 1327 841 clamorem,

947 849 994 880 Tu
1021 849 1060 880 de
1085 848 1189 879 cordis
1215 846 1329 879 cellula

993 896 1058 926 eice
1081 898 1245 937 tumorem,

944 941 1020 973 Fiat
1041 942 1090 972 nti
1113 941 1247 972 ‘tremula

993 998 1051 1028 per
1075 988 1134 1020 Dei
1158 989 1301 1019 ‘timorem

946 1037 990 1068 Et
1013 1037 1163 1067 virtutum
1187 1035 1312 1066 aemula

993 1083 1045 1114 Ad
1072 1082 1136 1113 eius
1160 1090 1309 1114 amorem.

914 1191 921 1198 .
946 1168 1026 1209 Ave,
1055 1170 1087 1197 et
1109 1175 1160 1197 me
1183 1166 1298 1197 iudicis

992 1214 1081 1253 eripe
1104 1213 1143 1244 ab
1166 1214 1226 1248 ira,

945 1260 1036 1291 Exue
1059 1269 1108 1291 me
1134 1259 1173 1290 de
1195 1259 1325 1291 lubricis

993 1305 1085 1338 factis
1111 1309 1142 1338 et
1166 1316 1185 1338 a
1208 1307 1309 1347 spina,

946 1354 1034 1386 Dans
1056 1356 1215 1385 tormenta
1237 1352 1409 1392 sulphuris,

993 1404 1028 1432 ut
1053 1409 1114 1432 non
1139 1409 1261 1432 merear
1287 1400 1365 1438 dira,

948 1448 1010 1479 Sed
1035 1447 1092 1479 sim
1118 1455 1251 1487 semper,
1277 1447 1331 1478 ubi
1355 1447 1398 1477 sis

993 1495 1150 1526 suavitate
1174 1494 1265 1526 mira.

916 1603 924 1611 .
949 1581 1029 1618 Ave,
1057 1579 1176 1611 candor
1199 1579 1271 1616 lilii,

995 1634 1074 1664 quae
1098 1634 1161 1658 11011
1186 1626 1379 1667 denigratur,

950 1673 1085 1706 Pudoris
1110 1673 1243 1713 virginei

997 1729 1056 1759 quo
1082 1729 1133 1752 res
1159 1719 1320 1761 figuratur,

950 1768 1047 1799 Plaea
1070 1768 1162 1799 nobis
1185 1767 1295 1807 filium,

998 1823 1072 1846 ense
1096 1815 1148 1854 qui
1172 1814 1326 1854 vibratur,

953 1863 1039 1894 Dans
1064 1870 1154 1901 opem
1179 1862 1298 1899 auxilii,

994 1917 1055 1948 quo
1079 1918 1142 1940 non
1166 1909 1324 1943 timeatur.

915 2020 921 2025 .
947 1994 1027 2030 Ave,
1055 1994 1105 2025 cui
1131 1992 1261 2025 Gabriel

995 2041 1055 2071 ait:
1082 2040 1151 2071 sine
1172 2040 1241 2071 viro

950 2088 1059 2120 Paries
1083 2087 1279 2125 Emmanuel,

996 2135 1052 2165 sed
1079 2137 1110 2164 et
1133 2134 1226 2165 modo
1251 2134 1330 2165 miro

949 2182 1067 2213 Pasees
1090 2181 1192 2212 Deum
1216 2180 1317 2212 Israel

996 2229 1090 2259 melle
1113 2232 1144 2258 et
1172 2227 1287 2259 butiro.

949 2275 1049 2307 Deme
1074 2275 1113 2305 de
1137 2283 1186 2305 me
1209 2274 1275 2306 doli
1300 2274 1355 2318 fel,

995 2322 1148 2361 quidquid
1166 2317 1234 2364 [hic
1254 2320 1383 2367 deliro]
