1650 2612
648 131 901 170 —101—

372 227 428 260 49.
454 227 532 271 Ave,
565 228 614 259 cui
639 229 739 261 omnis
764 234 851 263 terra
874 241 893 263 a
916 231 1074 272 principio

451 274 569 306 Iubilat
591 275 745 308 ineffabili
767 278 903 318 quodam
927 280 1053 320 gaudio,

451 320 579 354 Servire
603 322 661 354 tibi
687 324 816 364 cupiens
842 334 912 357 cum
935 325 1067 366 laetitia,

452 367 516 400 Sed
542 368 570 400 ei
594 369 715 402 invidet
743 371 904 404 daemonis
929 373 1056 406 astutia.

371 434 427 468 50.
451 435 530 478 Ave,
559 444 578 466 a
603 436 690 468 euius
717 436 808 468 domo
833 438 990 477 quondam
1015 438 1165 477 superbia

453 480 601 514 Satanam
628 482 742 515 deiecit
767 493 824 515 sua
850 493 919 516 cum
942 485 1056 517 militia

453 529 625 569 Coegitque
649 530 681 561 in
708 531 846 563 claustra
872 532 1075 572 descendere,

453 575 623 608 Tormenta
647 586 778 617 quorum
803 587 865 610 non
888 579 1007 619 poterit
1032 579 1176 611 evadere.

535 670 684 704 Tertia
713 673 1030 712 Quinquagena.

398 744 428 776 1.
454 746 537 787 Ave,
561 746 644 787 Iesu,
669 746 722 785 qui
748 755 780 778 es
805 747 986 786 angelorum
1011 747 1112 787 panis,

456 792 504 823 Tu
527 793 583 825 ille
608 802 652 834 es,
678 793 731 832 qui
754 792 919 826 confirmas
947 802 1000 825 cor
1024 794 1170 835 hominis,

457 839 532 872 Sine
555 842 588 871 te
612 848 687 873 vero
712 840 829 872 arescit
853 840 945 873 homo
971 840 1082 881 omnis,

454 885 579 920 Praebe
599 890 633 918 te
658 896 731 927 ergo
756 886 849 919 nobis
875 890 1016 928 optatum
1039 888 1142 922 11111115.

401 954 432 986 2.
458 954 538 992 Ave,
563 952 646 994 Iesu,
672 953 851 985 misericors
877 956 908 984 et
932 954 1108 993 miserator,

455 999 505 1030 Tu
528 998 621 1031 nobis
645 999 822 1039 propitiare
847 1001 960 1032 veniae
985 1000 1088 1039 dator,

457 1045 549 1078 Solus
574 1046 627 1086 qui
650 1048 776 1078 nostras
801 1054 915 1078 sanare
936 1045 1145 1088 infirmitates,

457 1093 563 1125 Vitam
590 1093 631 1125 de
652 1093 784 1124 interitu
808 1093 966 1125 redimere
987 1096 1089 1133 poteS.

399 1169 429 1201 3.
456 1168 535 1207 Ave,
561 1168 646 1210 Iesu,
673 1168 727 1207 qui
751 1167 885 1200 multum
911 1176 943 1200 es
968 1166 1185 1207 magnificatus

455 1214 500 1247 Et
524 1213 752 1247 confessionem
778 1216 985 1254 decoremque
1007 1214 1147 1255 indutus,

457 1261 522 1294 Sed
548 1264 580 1294 et
604 1261 707 1294 carnis
728 1265 857 1293 nostrae
881 1262 1067 1295 vestimento
1092 1262 1234 1302 amictus,

456 1308 612 1341 Miserere
635 1308 747 1349 nostri,
773 1308 854 1341 furis
882 1309 936 1349 qui
960 1317 993 1340 es
1018 1309 1176 1341 misertus.

398 1386 429 1418 4.
455 1385 535 1425 Ave,
561 1384 644 1425 Iesu,
670 1385 703 1416 111
729 1384 815 1416 ouius
840 1384 958 1416 virtute

453 1431 568 1473 Populi
592 1431 750 1472 quondam
774 1432 951 1473 Israelitae‚

452 1478 503 1510 De
527 1481 620 1519 gente
642 1478 839 1511 transierunt
861 1479 896 1510 iu
921 1480 1057 1519 gentem,

452 1526 506 1558 Ad
530 1526 682 1566 populum
705 1526 808 1566 legem
831 1535 894 1558 non
918 1525 1098 1558 habentem.

396 1603 428 1635 5.
454 1601 534 1642 Ave,
558 1601 679 1633 virtute
702 1602 790 1633 ouius
814 1601 967 1633 siccatum
991 1604 1041 1633 est
1062 1610 1161 1642 mare,

453 1648 502 1680 Tu
526 1657 584 1681 nos
607 1648 759 1680 iudicium
782 1651 871 1680 tuum
895 1648 948 1681 fao
973 1648 1140 1687 custodire,

452 1695 505 1738 Et,
532 1704 572 1728 ne
596 1704 678 1735 aqua
702 1695 916 1727 tribulationis
941 1695 1064 1734 obruat,

452 1744 483 1775 A
507 1742 599 1776 malis
625 1744 756 1776 dextera
779 1745 835 1774 tua
858 1752 915 1775 nos
941 1742 1065 1783 eripiat.

392 1821 424 1853 6.
449 1819 531 1860 Ave,
556 1819 639 1858 Iesu,
666 1818 718 1859 qui
742 1827 800 1850 nos
823 1818 988 1850 redemisti

451 1866 496 1898 Et
519 1867 552 1899 in
577 1866 660 1898 viam
685 1868 805 1897 rectam
832 1865 1002 1908 deduxisti,

451 1915 481 1945 A
506 1914 583 1946 solis
608 1916 679 1945 ortu
702 1921 760 1944 nos
785 1912 939 1953 collegisti

451 1961 558 2002 Atque
581 1961 623 1993 ad
648 1959 731 1993 ovile
750 1961 933 2002 reportasti.

393 2038 424 2072 7.
449 2038 529 2081 Ave,
556 2037 606 2069 cui
631 2036 782 2069 oboedire
807 2044 861 2068 cor
886 2040 934 2068 est
957 2038 1113 2077 paratum,

451 2085 547 2117 Cuius
570 2084 605 2116 in
626 2083 752 2125 hymnis
777 2087 808 2115 et
831 2084 979 2116 laudibus
1004 2087 1053 2116 est
1075 2084 1237 2123 laetatum,

452 2132 513 2174 Da,
539 2134 575 2165 ut
598 2132 633 2163 in
657 2131 809 2172 psalterio
834 2134 929 2171 atque
952 2131 985 2162 in
1011 2131 1134 2164 eithara

448 2180 568 2213 Nostra
592 2180 635 2211 sit
660 2187 765 2212 coram
789 2181 822 2210 te
847 2180 946 2211 oratio
973 2179 1098 2212 decora.

390 2258 421 2290 8.
444 2256 527 2296 Ave,
555 2255 642 2288 cuius
667 2255 794 2287 laudem
818 2254 929 2287 Iudaei
953 2256 1128 2298 tacuerunt,

447 2304 545 2343 Quem
570 2303 698 2343 quidem
721 2302 830 2343 lingua
856 2300 966 2335 dolosa
992 2303 1277 2346 circumdederunt,

448 2351 512 2386 Sed
538 2354 649 2385 contra
673 2350 840 2386 veritatem
865 2349 969 2382 frusta
994 2350 1193 2390 studuerunt,

448 2399 516 2442 Ipsi
538 2404 683 2449 namqu&
692 2398 730 2430 111
752 2397 1095 2450 seipsis„evauuerunt,

959 2566 973 2578 Δ
1002 2583 1019 2609 ι)
