1650 2612
236 197 267 229 8.

214 999 266 1030 10.

212 1400 264 1432 11.

209 1804 262 1836 12.

210 2207 265 2241 13.

295 196 414 235 Gaude,
441 194 527 226 cuius
551 193 649 226 filium

339 243 435 282 negat
458 250 533 281 gens
556 241 693 282 ingrata,

290 289 327 321 In
352 288 489 321 auctoris
515 288 650 319 omnium

338 338 469 366 mortem
494 334 655 375 meditata,

292 382 377 420 Quae
403 390 471 412 cum
495 381 576 412 Iuda
598 381 732 420 pessimo

338 429 411 459 dum
434 428 519 467 perit
545 428 701 469 damnata,

290 475 405 515 Vincit,
430 476 551 514 regnat,
575 475 714 513 imperat

336 520 453 554 Christi
477 521 545 552 laus
570 521 673 553 beata.

258 622 264 628 .
292 595 411 634 Gaude,
438 604 496 634 per
521 605 612 635 quam
637 597 784 636 gaudium

338 644 444 682 proles
471 644 692 683 compromisit,

291 690 419 729 Virgam
442 689 527 720 Deus
553 698 591 720 ex
616 690 689 721 Sion

337 736 461 768 virtutis
487 736 599 779 emisit,

290 783 344 814 Nil
368 783 457 823 lucis,
482 783 528 814 nil
552 784 671 823 gloriae

337 830 437 862 deitas
461 830 574 872 amisit,

289 877 454 909 Humanae
478 876 684 909 substantiam

338 923 442 955 earnis
468 924 540 955 dum
565 924 702 957 admisit.

294 998 414 1038 Gaude,
440 998 527 1030 sidus
551 1000 679 1041 gloriae,

335 1046 414 1077 lucis
439 1044 510 1077 fons
535 1055 697 1090 supernae,

289 1093 351 1124 Per
375 1100 466 1132 quam
491 1091 529 1123 fit
552 1094 728 1133 redemptio

339 1139 449 1170 salutis
474 1141 629 1178 aeternae,

289 1186 354 1217 Nos
378 1195 397 1217 a
420 1186 530 1216 mortis
553 1186 656 1218 libera

333 1233 465 1264 nexibus
490 1232 633 1264 internae

287 1279 418 1310 Pietatis
440 1279 590 1311 exhibens

335 1326 458 1358 viscera
481 1329 651 1360 maternae.

293 1401 413 1440 Gaude,
438 1400 523 1432 vitae
545 1401 647 1444 ianua,

333 1448 417 1479 vitae
441 1450 552 1486 patens
576 1453 677 1492 porta,

289 1494 350 1526 Per
375 1503 466 1534 quam
488 1495 543 1526 lux
567 1496 706 1528 iustitiae

337 1541 427 1572 nobis
453 1545 501 1572 est
524 1546 641 1586 exorta,

289 1587 338 1620 Ne
362 1597 449 1620 mens
475 1589 586 1628 culpae
610 1591 749 1622 tenebris

335 1637 445 1674 pereat
467 1635 626 1675 absorpta,

288 1683 402 1725 Purga,
428 1685 538 1722 mater,
565 1684 693 1725 animas,

335 1729 454 1760 animos
480 1728 631 1763 conforta.

290 1804 409 1845 Gaude,
435 1813 550 1843 parens
574 1807 665 1845 pueri

334 1852 401 1883 veri
429 1852 586 1891 puritatis,

289 1898 388 1930 Puros
414 1897 466 1930 fac
490 1903 521 1930 et
544 1909 659 1939 pueros

334 1954 471 1986 purgans
494 1956 513 1977 a
533 1949 681 1992 peccatis,

289 1991 334 2024 Ut
359 1993 400 2024 sit
422 1992 621 2026 innocentiae

338 2040 469 2079 signum,
495 2049 557 2072 non
582 2043 695 2073 aetatis

289 2086 373 2118 Illud
398 2087 553 2125 pueritiae

334 2142 446 2164 nomen
470 2134 503 2165 111
525 2136 678 2175 purgatis.

293 2207 413 2248 Gaude,
440 2209 525 2240 cuius
549 2209 633 2242 filius

337 2255 423 2287 Deus
449 2259 496 2286 est
519 2256 553 2288 in
577 2258 684 2299 caeliS,

290 2302 474 2334 Retributor
498 2304 634 2336 omnium

336 2354 447 2390 potens
477 2353 509 2381 et
531 2350 644 2394 fidelis,

814 99 882 133 228
928 119 976 125 —

966 195 1018 226 Ab
1043 193 1184 232 Aegypti
1209 193 1348 224 tenebris

1013 251 1034 272 a
1055 240 1164 272 mundi
1189 240 1325 279 querelis

966 288 1147 319 Redeuntes
1171 286 1270 317 societ

1013 333 1194 374 angelorum
1218 333 1318 365 melis.

886 411 940 442 14.
971 408 1091 449 Gaude,
1116 409 1189 440 Iesu
1213 407 1341 439 Domini

885 815 937 846 15.

883 1216 937 1249 16.

883 1620 938 1652 17.

883 2026 936 2059 18.

791 2457 839 2483 ST.
865 2463 1041 2495 muco-mewa

824 2513 973 2544 οοιιερε

1012 455 1156 496 genetrix
1181 455 1290 495 electa,

966 503 1061 543 Virgo
1087 502 1214 542 quidem
1238 510 1434 543 permanens,

1012 550 1070 582 sed
1094 552 1195 581 mater
1220 549 1331 581 effecta

964 597 1015 629 Ab
1041 606 1086 637 eo,
1113 605 1204 636 quem
1230 596 1334 636 diligis

1011 645 1104 676 unice
1130 643 1254 686 dilecta,

965 691 1087 731 Diligas
1113 692 1145 721 et
1170 690 1287 730 dirigas

1011 747 1067 769 nos
1091 737 1124 768 in
1150 738 1201 768 via
1224 740 1321 769 recta.

965 812 1086 854 Gaude,
1112 812 1198 843 cuius
1223 811 1317 853 filius,

1009 867 1149 891 summae
1171 867 1228 890 rex
1254 859 1389 900 virtutis,

963 906 1149 946 Propinavit
1171 906 1308 937 moriens

1012 954 1141 985 calicem
1167 953 1287 991 salutis,

963 1000 1065 1032 Verae
1088 999 1192 1032 laudis
1217 999 1351 1030 hostiam

1009 1046 1166 1086 fidemque
1189 1046 1302 1077 locutis

965 1095 1046 1126 Vota
1068 1095 1210 1133 praestet
1233 1093 1370 1124 reddere

1009 1140 1142 1172 vinculis
1167 1140 1288 1171 solutis.

964 1216 1085 1257 Gaude,
1112 1214 1199 1246 cuius
1222 1214 1318 1246 filium

1007 1263 1139 1294 laudant
1164 1270 1270 1293 omnes
1295 1264 1414 1304 gentes,

963 1310 1109 1341 Adorant
1133 1310 1164 1339 et
1187 1309 1376 1348 praedicant

1009 1355 1118 1396 populi
1142 1356 1317 1396 eredentes,

962 1404 1026 1436 Per
1050 1403 1308 1442 misericordiam,

1009 1454 1133 1482 nostras
1157 1448 1286 1481 firmans
1313 1454 1434 1482 mentes

963 1496 1099 1529 Veritati
1124 1495 1222 1528 faciat

1009 1552 1133 1584 semper
1157 1544 1368 1577 inhaerentes.

966 1619 1087 1660 Gaude,
1110 1619 1197 1650 cuius
1222 1620 1305 1651 uteri

1010 1666 1131 1698 fructus
1157 1667 1325 1707 singularis

963 1714 1080 1746 Factus
1106 1714 1206 1745 estin
1230 1715 1357 1753 populis

1009 1762 1091 1801 lapis
1117 1761 1288 1802 angularis,

962 1808 1028 1840 Nos
1053 1809 1086 1840 in
1112 1808 1177 1839 eius
1201 1809 1336 1849 nomine,

1010 1865 1101 1896 quem
1126 1855 1220 1887 beata
1244 1857 1340 1896 paris,

964 1903 1064 1936 Uniat
1089 1905 1121 1933 et
1145 1903 1267 1934 muniat

1010 1949 1089 1982 fides
1115 1950 1277 1983 salutaris.

964 2025 1083 2065 Gaude,
1109 2025 1291 2057 beatissima

1010 2072 1154 2113 genetrix
1179 2072 1273 2109 beati,

963 2120 1048 2160 Agni
1072 2122 1174 2151 mater
1196 2119 1323 2158 mystici

1012 2169 1045 2198 et
1071 2166 1274 2207 immaculati,

965 2213 1015 2245 Ne
1039 2223 1058 2245 a
1081 2213 1134 2245 via
1159 2213 1288 2243 devient

1009 2261 1108 2300 pedes
1132 2259 1309 2302 adgravati,

998 2317 1014 2338 e
1038 2306 1180 2338 rimentis
1210 2309 1323 2338 excute
