1650 2612
186 213 241 245 30.
268 214 347 253 Ave,
375 219 462 250 crux,
489 219 550 250 qua
572 211 659 243 natio

314 258 482 290 Dominum
510 257 630 298 derisit,

704 116 940 153 „15-

266 307 353 346 Quae
378 304 539 337 Christum
563 304 734 346 occiderat,

315 351 492 383 Barrabam
518 350 647 391 dimisit,

268 400 306 431 In
332 401 364 430 te
388 407 477 431 suum
501 398 648 437 spiritum

314 445 400 485 patri
425 445 481 486 qui
505 444 672 487 commisit,

269 492 370 525 Nobis
394 493 501 524 mittat
524 492 681 533 spiritum,

864 427 918 459 36.

314 549 405 581 quem
432 539 472 572 de
498 540 585 572 caelo
609 539 706 573 misit.

185 617 240 651 31.
266 617 347 656 Ave,
375 616 623 655 delinquentium

315 663 416 695 dulcis
440 663 608 702 medicina,

268 711 337 750 Qua
361 710 478 742 delicta
504 709 598 741 diluit

313 757 417 797 pietas
443 756 561 797 divina,

268 805 329 836 Per
354 806 386 835 te
410 803 625 844 paenitentiae

315 854 405 883 sanet
429 850 529 883 virtus
552 852 647 889 trina,

265 900 353 939 Quos
377 897 504 938 configit
527 897 624 931 animi

316 944 475 978 vulnerati
500 945 601 985 spina.

186 1024 241 1055 32.
268 1024 348 1063 Ave,
376 1021 464 1052 cuius
488 1020 636 1053 laudibus

313 1068 412 1100 iustos
437 1067 588 1107 exaltare,

268 1115 364 1148 Cuius
391 1115 482 1147 decet
506 1114 641 1154 gloriam

314 1163 418 1194 rectos
444 1161 635 1203 collaudare,

267 1211 331 1242 Per
354 1212 386 1240 te
412 1208 516 1241 carnis
540 1208 693 1240 citharam

314 1259 401 1288 recte
427 1257 482 1288 det
504 1263 627 1294 sonare,

267 1304 327 1345 Qui
353 1304 457 1335 cordis
482 1302 668 1342 psalterium

316 1351 377 1382 sibi
399 1351 467 1383 vult
493 1351 633 1381 cantare.

186 1428 242 1462 33.
266 1427 348 1468 Ave,
373 1425 553 1458 benedictio

310 1474 414 1505 nostri
437 1472 661 1512 redemptoris,

267 1523 305 1554 In
331 1530 393 1560 qua
416 1519 616 1553 benedicitur

312 1568 470 1600 universis
495 1567 592 1606 horis,

267 1615 346 1652 Nos,
368 1615 423 1654 qui
447 1613 667 1647 benedicimur

313 1662 402 1701 signo
427 1661 530 1693 crucis
554 1659 643 1700 foris,

264 1708 355 1743 Intus
381 1711 492 1749 gustus
516 1708 612 1740 satiet

313 1756 413 1788 divini
440 1755 589 1788 dulcoris.

184 1834 240 1866 34.
266 1834 346 1871 Ave,
372 1833 501 1863 nostrae
526 1829 602 1863 fidei

310 1878 471 1918 singulare
496 1880 631 1917 scutum,

264 1926 331 1966 Quo
355 1925 498 1958 munitur
521 1924 637 1966 fragile

862 831 917 864 37.

862 1237 918 1268 38.

863 1641 918 1674 39.

312 1974 441 2005 nostrae
467 1972 571 2005 carnis
596 1973 706 2013 lutum,

266 2022 384 2054 Passus
410 2021 527 2064 clavos,
551 2020 693 2054 lanceam

314 2066 370 2109 fel,
396 2069 531 2108 acetum,
556 2069 685 2109 sputum

263 2116 326 2148 Per
350 2118 382 2147 te
407 2116 510 2148 salvet
532 2114 693 2147 hominem

309 2171 370 2202 ope
396 2162 592 2196 destitutum.

178 2241 233 2273 35.
260 2240 341 2280 Ave,
369 2238 409 2270 de
434 2247 496 2279 qua
520 2236 652 2279 profluit

305 2286 436 2319 ubertas
462 2286 625 2325 torrentis,

261 2333 321 2373 Qui
348 2334 403 2366 dat
428 2332 605 2367 efficaciam

309 2382 431 2414 cunctis
457 2380 672 2419 sacramentis,

698 2044 705 2060 5

860 2047 916 2078 40.

944 211 1006 242 Per
1031 213 1062 241 te
1086 221 1142 243 nos
1167 210 1304 243 inebriet

991 256 1061 289 fons
1087 266 1186 297 aquae
1212 258 1356 297 viventis,

943 305 1004 344 Qui
1030 305 1167 337 salvabit
1191 305 1334 337 homines

991 360 1053 383 una
1081 360 1151 383 cum
1172 351 1331 384 iumentis.

945 427 1025 467 Ave,
1050 426 1172 467 signum
1194 435 1358 458 removens

993 473 1132 514 gladium
1156 476 1331 513 nocentem,

948 520 1097 553 Gladium
1123 521 1315 562 versatilem,

993 568 1133 608 gladium
1158 568 1331 606 ardentem,

945 615 1004 653 Qui
1028 616 1162 647 removit
1186 615 1354 647 Cherubim

993 662 1132 702 gladium
1157 664 1325 702 tenentem,

947 708 1095 740 Gladium
1120 712 1281 741 removeat

990 764 1146 795 pauperes
1168 756 1358 789 laedentem.

943 831 1023 870 Ave,
1049 838 1107 869 per
1133 839 1226 871 quam
1251 831 1379 863 Domini

991 877 1074 909 servi
1099 878 1163 910 vim
1188 876 1341 917 fecerunt,

944 924 1048 956 Amici
1074 933 1143 956 cum
1167 925 1320 965 proximis

992 972 1031 1003 de
1055 972 1147 1012 longe
1171 974 1328 1004 steterunt

945 1018 1116 1050 Cicatrices
1138 1019 1289 1060 carnium,

991 1066 1018 1096 si
1043 1074 1123 1105 quae
1146 1069 1345 1107 putruerunt,

945 1113 1049 1151 Curet,
1074 1121 1165 1152 quem
1190 1113 1348 1145 increduli

991 1160 1076 1192 cruci
1102 1160 1307 1194 confixerunt.

943 1235 1024 1277 Ave,
1050 1235 1169 1276 lignum
1193 1236 1318 1267 unicum

991 1283 1119 1322 placens
1144 1283 1305 1323 salvatori,

945 1329 1012 1369 Quo
1036 1333 1144 1362 nostro
1169 1337 1354 1362 succurrere

992 1377 1092 1409 voluit
1115 1377 1270 1418 languori,

944 1423 1121 1456 Discretam
1149 1424 1324 1456 custodiam

992 1473 1100 1503 nostro
1123 1474 1222 1511 ponat
1247 1472 1307 1512 ori,

946 1518 1005 1557 Qui
1030 1521 1138 1550 tacens
1164 1521 1196 1550 et
1219 1519 1344 1558 patiens

991 1566 1025 1597 in
1049 1568 1082 1596 te
1105 1567 1194 1599 venit
1217 1566 1308 1598 mori.

945 1641 1025 1682 Ave,
1051 1649 1111 1680 per
1135 1649 1226 1681 quam
1252 1642 1408 1673 credimus

992 1689 1093 1729 legem
1120 1690 1337 1732 consummari,

944 1734 1087 1767 Literam
1112 1736 1146 1767 in
1171 1736 1316 1776 spiritum

991 1784 1086 1823 plene
1112 1783 1306 1825 commutari,

946 1828 1091 1869 Spiritali
1116 1830 1238 1861 cantico

992 1885 1049 1908 nos
1076 1876 1130 1908 det
1153 1877 1300 1909 innovari

943 1923 1137 1956 Holocausto
1159 1931 1310 1965 pecorum

990 1971 1100 2003 nolens
1125 1971 1197 2011 plus
1222 1971 1354 2011 placari.

942 2046 1022 2088 Ave,
1048 2055 1141 2086 quam
1166 2048 1198 2080 in
1221 2048 1338 2079 umeris

991 2095 1055 2126 suis
1081 2095 1226 2127 Christus
1251 2096 1348 2134 vexit,

945 2141 1063 2180 Quibus
1090 2142 1252 2183 dragmam
1280 2142 1433 2175 decimam

990 2190 1032 2222 ad
1056 2198 1169 2222 novem
1191 2191 1324 2229 revexit,

944 2236 1010 2268 Nos
1036 2237 1141 2279 vehat,
1167 2246 1228 2278 quo
1253 2245 1425 2278 pauperem

988 2293 1119 2325 egenum
1143 2285 1258 2325 evexit,

941 2330 1000 2370 Qui
1024 2340 1084 2373 per
1107 2333 1220 2365 Iudam
1244 2333 1382 2365 traditus

989 2380 1030 2412 de
1054 2383 1155 2412 morte
1180 2381 1329 2413 surrexit.
