1650 2612
285 207 316 238 9.
341 206 420 245 Ave,
444 206 507 238 Dei
532 205 645 244 haiala,

385 253 478 292 longe
501 251 657 283 recessisti

338 299 383 331 Et
406 300 447 330 ad
471 299 570 338 patris
596 299 757 330 dexteram

384 346 467 377 laeta
491 345 711 385 conscendisti,

338 392 455 431 Magna
477 392 636 423 mirabilia

384 439 475 470 nobis
500 439 675 478 ostendisti,

339 486 417 524 Quia
441 494 498 517 nos
522 488 558 516 ut
580 484 664 517 filios

380 532 434 572 pie
458 532 606 565 dilexisti.

259 607 314 639 10.
339 607 419 646 Ave,
446 607 532 637 cuius
557 605 639 638 filius

385 654 486 685 caelos
513 653 673 685 decoravit

336 701 380 733 Et
402 703 521 731 montes
546 700 702 739 angelicos

384 755 490 779 omnes
514 748 732 786 transvolavit,

340 794 397 826 Dei
421 794 521 833 patris
547 794 678 826 dextera

382 841 457 873 olim
482 841 686 881 exspectavit,

334 888 443 919 Donec
466 890 498 918 te
523 896 593 918 cum
616 887 681 919 filio

381 943 505 973 semper
529 935 703 967 honoravit.

255 1010 309 1042 11.
334 1010 413 1048 Ave,
441 1009 526 1040 euius
550 1009 637 1040 labia

383 1056 486 1087 dolum
512 1056 700 1096 nescierunt,

336 1102 450 1134 Oscula
475 1103 655 1134 dulcissima

381 1149 449 1180 Deo
473 1150 696 1193 praebuerunt,

333 1196 448 1227 Beatos
473 1197 630 1235 apostolos

380 1243 426 1273 sic
451 1243 642 1281 erudierunt,

336 1289 425 1327 Quod
453 1298 592 1321 errorum
616 1290 702 1322 labia

381 1339 494 1368 cuneta
519 1337 750 1370 destruxerunt.

253 1412 306 1443 12.
332 1411 411 1450 Ave,
437 1411 524 1450 virgo
548 1408 702 1443 baiulans'

380 1458 488 1489 mundi
513 1459 711 1498 salvatorem,

335 1505 502 1544 Usquequo
527 1514 589 1536 non
614 1505 733 1536 deseris

377 1560 522 1591 magnum
546 1555 752 1591 peccatorem,

333 1598 395 1630 Ora
419 1607 476 1637 pro
500 1607 560 1638 me,
587 1599 748 1639 deprecor,

378 1645 486 1676 mundi
510 1646 750 1686 redemptorem,

332 1693 377 1725 Ut
400 1692 509 1724 videre
532 1693 654 1725 valeam

376 1748 478 1770 meum
502 1742 685 1772 creatorem.

251 1815 304 1847 13.
331 1816 411 1854 Ave,
438 1815 524 1854 virgo
549 1815 685 1855 sapiens,

377 1870 443 1893 cum
470 1871 531 1901 qua
555 1861 614 1893 fuit
637 1863 733 1901 Deus,

328 1909 378 1940 De
401 1912 434 1940 te
458 1918 583 1941 carnem
606 1910 739 1941 induens

375 1965 499 1995 semper
522 1965 614 1988 verus
638 1957 735 1998 Deus,

328 2004 381 2034 Ad
406 2005 438 2034 te
462 2003 584 2035 stillant
607 2005 699 2043 oculi,

373 2052 408 2080 tu
432 2050 475 2081 sis
500 2060 587 2082 amor
610 2060 707 2091 meus,

329 2097 424 2136 Apud
449 2106 541 2136 quam
564 2097 719 2138 refugium

375 2146 505 2183 quaerat
527 2145 618 2176 homo
643 2154 724 2177 reus.

248 2220 301 2252 14.
326 2219 405 2256 Ave,
430 2219 667 2252 tabernaculum

371 2274 513 2297 summae
535 2267 694 2309 puritatis,

326 2312 462 2344 Deitatis
487 2313 641 2346 thalamus

373 2369 511 2392 summae
535 2361 697 2405 claritatis,

762 110 1016 144 —240-

929 422 982 454 15.

928 826 982 858 16.

926 1228 977 1259 17.

1009 204 1109 236 Nobis
1132 204 1352 243 peccatoribus

1055 251 1207 290 templum
1231 250 1370 290 pietatis,

1008 298 1045 330 In
1070 306 1130 337 quo
1155 306 1281 337 semper
1306 297 1425 329 residet

1055 344 1141 376 Deus
1166 344 1349 378 maiestatis,

1007 420 1087 460 Ave,
1113 419 1223 451 mundi
1246 419 1356 461 gloria,

1057 476 1113 506 ego
1140 466 1334 506 congregabo

1008 514 1153 545 Paradisi
1178 513 1301 545 cantica

1054 561 1162 600 sicque
1185 560 1325 592 iubilabo

1006 608 1050 640 Et
1073 610 1126 639 tuo
1153 607 1335 646 conspectui

1054 657 1166 686 cuncta
1189 654 1408 693 praesentabo,

1007 702 1059 734 Sic
1083 702 1115 733 in
1139 702 1234 733 tantis
1259 701 1405 733 laudibus

1051 753 1083 780 te
1107 757 1189 780 nune
1214 748 1371 780 exaltabo.

1008 825 1087 863 Ave,
1113 823 1174 855 Dei
1198 823 1351 863 genetrix,

1052 879 1132 910 quae
1158 871 1336 902 examinata

1003 917 1127 949 Munda
1150 926 1244 957 super
1269 926 1378 948 aurum

1050 972 1175 1003 semper
1200 972 1233 995 es
1259 964 1392 1004 probata

1004 1012 1048 1043 Et
1072 1012 1225 1043 virtutum
1252 1011 1377 1042 domina

1052 1059 1099 1089 sic
1122 1057 1332 1098 magnificata,

1006 1105 1094 1144 Quod
1120 1105 1161 1136 ad
1186 1106 1286 1144 patris
1313 1105 1474 1137 dexteram

1053 1161 1085 1183 es
1110 1151 1296 1191 glorificata.

1003 1228 1082 1265 Ave,
1108 1229 1209 1258 mater
1235 1226 1372 1267 Domini,

1049 1276 1157 1305 nostra
1181 1272 1343 1316 fortitudo,

1003 1320 1116 1352 Servos
1141 1323 1211 1351 tuos
1236 1320 1388 1351 condecet

1047 1367 1127 1398 mira
1150 1367 1340 1407 sanctitudo,

1000 1415 1118 1445 Amare
1142 1417 1183 1453 te,
1211 1414 1345 1453 domina,

1047 1470 1159 1500 magna
1184 1460 1349 1500 celsitudo,

1000 1508 1152 1546 Quoniam
1175 1517 1233 1539 nos
1259 1508 1362 1539 elevat

1047 1557 1136 1586 tanta
1160 1554 1372 1594 pulchritudo.

920 1630 973 1663 18.
997 1630 1077 1669 Ave,
1103 1630 1192 1669 virgo
1218 1630 1344 1669 caelica,

916 2035 970 2068 19.

1047 1677 1118 1708 veni
1145 1677 1318 1718 declarare,

1001 1724 1097 1762 Quem
1122 1723 1180 1755 sub
1203 1724 1270 1755 sole
1295 1725 1394 1756 voluit

1046 1774 1149 1802 tecum
1174 1771 1329 1811 habitare,

1001 1818 1057 1857 Qui
1082 1818 1232 1850 mundum
1255 1819 1389 1859 imperio

1045 1865 1150 1905 potuit
1174 1874 1292 1905 creare,

998 1913 1043 1945 Et
1066 1922 1157 1952 quem
1183 1913 1263 1944 caeli
1286 1918 1445 1953 nequeunt

1046 1969 1153 1991 omnes
1179 1969 1337 1992 enarrare.

996 2035 1075 2077 Ave,
1101 2035 1190 2075 virgo
1215 2038 1383 2075 protegens

1046 2091 1151 2113 omnes
1174 2082 1353 2122 tribulatos,

998 2130 1080 2168 Quos
1105 2129 1195 2161 vides
1219 2130 1252 2160 in
1276 2128 1352 2160 fidei

1044 2185 1160 2210 ancora
1183 2175 1330 2207 fundatos

999 2223 1066 2254 Hos
1091 2223 1125 2254 in
1148 2225 1250 2254 morte
1273 2223 1384 2255 visitas

1046 2270 1183 2301 reddens
1208 2270 1384 2303 consolatos

997 2317 1042 2348 Et
1065 2317 1107 2349 ad
1132 2317 1211 2348 caeli
1236 2317 1353 2351 curiam

1046 2364 1133 2395 ducis
1159 2368 1334 2399 coronatos
