1650 2612
671 128 928 162 —237—

452 218 536 246 Haec
556 224 601 248 est
619 222 695 249 enim
715 224 819 258 reg-ina
836 224 992 259 virginum,

453 256 535 289 Quae
554 259 700 287 caelorum
719 269 816 297 regem
837 263 866 288 et
884 262 1031 289 dominum

449 295 516 322 Irae
535 304 645 330 ponens
665 300 694 325 et
713 300 799 326 morti
818 300 972 327 terminum

450 331 499 358 Ad
519 334 643 362 salutem
663 338 795 372 concepit
814 337 971 364 hominum.

451 378 524 406 Tam
544 380 666 410 devotae
686 382 781 410 laudis
803 391 890 419 quam
909 384 1025 412 debitae

452 416 642 447 Consecrator
663 422 746 454 assis,
767 421 916 457 paraclite,

448 454 558 482 Mentis
578 460 649 486 vota
669 458 740 485 licet
758 460 920 487 immeritae

450 493 486 519 In
509 492 594 534 beato
615 495 789 524 concludens
810 497 914 531 capite.

452 539 549 575 Caput
567 542 631 578 ipse
652 545 681 569 et
699 542 767 571 finis
788 545 917 572 omnium

450 578 561 606 Laudis
580 582 659 607 meta
679 582 719 607 sit
738 584 767 608 et
786 583 969 617 principium,

451 613 523 643 Cum
542 617 655 645 Mariae
675 619 826 646 mandavit
844 620 983 655 gaudium

449 653 495 680 Ad
515 662 667 683 commune
687 657 787 684 mundi
807 657 973 685 remedium.

450 699 494 727 Ad
515 701 641 728 salutem
660 703 700 729 sit
720 705 749 729 et
768 704 906 731 solacium

450 738 576 765 Sanctae
596 740 697 766 matris
719 741 932 773 salutatorium,

450 776 532 809 Quae
552 777 655 804 salutis
676 779 788 813 primae
809 779 972 806 subsidium

448 814 506 841 Per
526 814 680 842 caelestem
700 818 828 852 suscepit
846 818 988 844 nuntium.

447 862 517 897 Ipse
536 862 654 898 quidem
673 863 709 890 de
728 871 812 891 sacra
831 865 946 899 virgine

448 899 534 934 Spem
554 900 713 928 reformans
734 902 838 929 salutis
859 903 999 937 pristinae

451 938 578 973 Dignam
598 938 671 966 dicit
690 939 814 967 salutem
835 939 970 967 dominae

447 975 510 1002 Ave
528 975 656 1004 formans
678 984 713 1003 ex
733 977 816 1004 Evae
835 978 960 1004 nomine.

450 1022 637 1050 Delectentur
656 1023 757 1051 audire
774 1023 831 1051 filii

447 1060 551 1088 Dulcis
571 1062 663 1089 melos
685 1062 875 1095 epithalamii,

448 1097 533 1132 Quod
552 1106 692 1133 percussa
713 1098 821 1127 chorda
839 1099 973 1134 psalterii

446 1135 537 1163 Matri
557 1136 659 1171 psallit
677 1137 768 1164 totius
788 1136 898 1173 gaudii.

447 1183 534 1211 Hanc
554 1184 591 1210 ad
611 1185 705 1212 nostri
724 1185 895 1220 psalmistae
915 1184 1040 1219 gloriam

447 1221 642 1249 Administrat
661 1222 791 1257 psalmus
811 1223 971 1255 materiam,

450 1259 559 1286 Christi
579 1262 700 1287 matrem
720 1260 875 1296 Davidque
893 1259 984 1287 filiam

448 1297 494 1325 Ad
516 1297 620 1324 salutis
641 1298 773 1325 salutans
793 1298 926 1334 gratIam.

449 1345 538 1379 Ergo,
558 1346 652 1372 mater
672 1344 765 1372 dulcis
787 1348 816 1372 et
835 1344 961 1377 domina,

447 1382 559 1411 Laudis
582 1382 669 1410 huius
690 1385 810 1419 accepta
831 1383 969 1416 carmina,

447 1421 495 1453 Et,
516 1429 568 1455 pro
590 1422 696 1456 quibus
716 1420 805 1448 fundo
825 1422 1001 1456 precamina,

445 1458 522 1494 Ipsis
542 1458 624 1485 laxes
645 1460 673 1486 et
692 1459 764 1485 mihi
784 1459 915 1486 crimina.

225 1513 290 1540 Von
306 1513 416 1541 diesem
429 1514 538 1549 prolog
551 1514 603 1541 hat
614 1515 639 1542 A
653 1523 708 1542 nur
722 1516 797 1548 eine,
819 1516 867 1543 die
880 1512 969 1542 letzte
982 1515 1121 1551 Str-ephe:
1144 1517 1235 1551 Virgo
1251 1517 1341 1542 mater
1354 1515 1447 1542 dulcis

145 1552 175 1577 et
200 1550 318 1577 domina
348 1553 407 1586 etc3
435 1560 482 1579 am
502 1551 618 1579 Sohluss
637 1552 712 1580 Mihi
732 1553 812 1581 laxes
835 1555 865 1581 et
883 1553 944 1580 illis
965 1554 1095 1580 crimina.
1132 1553 1230 1581 Eincn
1250 1553 1358 1580 andern
1377 1553 1447 1580 Pro-

143 1588 226 1622 logus
246 1588 328 1624 giebt
346 1589 388 1616 D:

401 1634 427 1663 1.
449 1637 590 1665 Omnibus
613 1637 754 1664 excelsior
773 1640 818 1665 est
836 1640 903 1673 ipsa
921 1639 1026 1671 Maria,

451 1674 496 1702 Ad
515 1674 656 1702 honorem
676 1675 800 1711 virginis
822 1677 901 1703 canit
920 1677 1082 1712 prophetia,

451 1712 549 1740 Servit
563 1712 633 1739 huic
652 1713 777 1740 historia
796 1722 860 1741 cum
882 1714 1033 1749 allegoria,

447 1751 563 1778 Pariter
582 1758 715 1786 anagoge
735 1759 800 1778 cum
823 1752 998 1787 tropologia.

400 1796 426 1824 2.
446 1797 581 1825 Trahunt
600 1805 715 1824 currum
737 1798 861 1833 virginis
880 1798 997 1826 Marcus
1019 1800 1048 1826 et
1065 1798 1241 1829 Matthaeus,

444 1836 541 1863 Lucas
564 1838 593 1862 et
614 1843 699 1871 quem
721 1837 824 1871 genuit
842 1838 924 1871 pater
944 1837 1120 1869 Zebedaeus‚

447 1874 546 1901 Huius
566 1874 598 1900 in
618 1872 799 1908 amplexibus
820 1874 908 1901 cubat
927 1874 1012 1902 homo
1033 1874 1122 1907 Deus,

450 1911 539 1939 Cuius
561 1912 619 1938 iuri
639 1912 761 1947 derogat
779 1911 905 1947 perfidus
924 1912 1059 1940 Iudaeus.

397 1957 423 1987 3.
445 1960 526 1988 Huic
545 1960 688 1987 assistunt
707 1959 822 1987 incolae
842 1967 972 1988 summae
991 1960 1129 1996 regionis,

446 1999 583 2033 Claviger
603 1998 762 2030 aethereus,
782 2006 835 2025 vas
857 1997 1016 2032 electionis,

444 2035 536 2064 Adest
554 2037 648 2063 omnis
668 2035 797 2063 caelicae
816 2037 921 2063 chorus
937 2037 1076 2072 regionis,

445 2073 620 2110 Singulique
639 2073 763 2110 singulis
783 2074 899 2102 radiant
918 2076 1043 2102 coronis.

394 2120 422 2150 4.
443 2122 502 2151 Sed
522 2121 592 2157 quid
611 2121 779 2156 Alcipiades
799 2122 871 2149 facit
890 2131 955 2150 mea
976 2122 1067 2150 cura?

444 2161 529 2188 Haec
551 2162 650 2187 creata
669 2159 785 2194 dignior
806 2161 884 2187 omni
904 2163 1044 2194 creatura,

444 2200 539 2233 Quam
558 2199 659 2226 beavit
679 2198 813 2225 omnibus
833 2198 934 2226 divina
952 2201 1066 2233 natura,

444 2238 512 2266 Hoc
531 2236 597 2264 sola
614 2236 728 2263 felicior
749 2237 819 2272 quia
837 2239 935 2264 mente
953 2237 1061 2272 (carne)
1079 2245 1161 2273 pura.

395 2284 422 2313 5.
443 2286 548 2314 Detam
570 2283 748 2318 dulciloquio
769 2283 856 2312 huius
876 2285 1039 2320 virginalis,

445 2322 527 2358 Quod
548 2330 608 2349 non
628 2323 725 2357 potest
745 2322 845 2356 aliqua
862 2323 947 2358 pingi
965 2332 1037 2351 voce
1056 2323 1133 2358 talis,

442 2361 531 2391 Velat
550 2362 580 2387 et
600 2360 765 2397 duplicibus
787 2369 868 2388 amor
887 2361 1009 2396 plaudat
1028 2361 1091 2395 alis,

442 2401 531 2429 Amor
551 2398 729 2432 indeficiens,
750 2406 831 2426 amor
851 2399 1032 2429 immortalis.
