1650 2612
690 114 923 148 -78—

240 209 308 237 Ood.
333 210 428 237 Palat.
453 210 653 238 Vindobonen.
679 209 728 239 (ol.
755 206 960 242 Lunaelaeen.)
982 206 1065 235 3848.
1093 215 1167 235 saec.
1191 205 1235 234 15.
1261 207 1295 233 A.
1324 219 1360 225 —
1381 205 1453 232 Cim--

162 247 313 273 Monacen.
338 246 387 281 (ol.
408 247 459 275 SS.
480 248 610 275 Udalrici
638 248 669 273 ct
711 245 784 279 frae)
801 242 885 271 4423.
905 246 974 273 anni
997 243 1077 272 1481.
1097 246 1131 272 Β.
1150 259 1189 263 —
1206 244 1277 271 Cim,
1298 244 1453 270 Monacen.

163 281 212 315 (ol.
233 283 283 311 SS.
303 284 435 312 Udalriei
456 287 486 312 et
503 283 601 316 Afrae)
619 281 675 310 440
697 302 703 308 .
724 283 793 308 anni
814 279 897 309 1496.
918 282 948 309 Ο.

239 318 261 349 I.
283 319 308 354 5,
329 319 347 348 3
368 330 416 348 eos
436 322 472 349 de
493 324 545 348 tua
563 321 596 347 B.
616 334 653 338 —
673 317 717 352 32,
731 317 750 346 8
770 319 987 354 comprehendis
999 320 1034 346 B.
1057 333 1093 338 -
1113 316 1159 353 39,
1173 316 1193 345 4
1211 326 1268 354 que
1282 316 1355 344 fehlt
1366 317 1399 344 Β.
1415 331 1452 335 -

162 355 199 386 II·
219 357 246 393 4,
266 356 284 385 S
305 359 362 392 Qui
381 361 410 385 te
428 360 461 386 B.
482 374 520 378 --
537 355 588 386 III.
609 356 636 389 4,
656 355 675 384 8
694 356 838 384 laudando
860 357 891 384 B.

275 395 325 423 AB
351 395 448 423 haben
471 395 605 431 folgende
623 394 806 430 Einleitung:
839 393 1037 422 Exsecuturus
1064 393 1148 420 modo
1177 392 1373 428 qualicunque
1392 392 1451 418 otio

163 432 230 459 (lato
261 432 311 459 diu
337 432 456 460 dilatum
484 432 672 463 desiderium,
704 431 873 466 psalterium
899 432 951 459 sub
978 434 1049 459 nota
1073 431 1211 457 carminis
1241 429 1324 464 „Ave
1348 430 1453 455 vivens

162 467 276 496 hostia“
298 469 507 496 decantandum
528 469 689 504 opitulante
709 469 765 495 Dei
784 469 880 504 gratia
899 469 1035 496 ordinare
1055 467 1171 495 curabo.
1210 467 1258 493 Ad
1276 466 1333 493 hoe
1354 468 1451 492 autem

163 506 326 534 faciendum
349 514 384 533 ea
403 506 439 534 (10
457 515 547 533 causa
565 506 699 532 inductus
720 514 791 538 sum,
812 506 883 540 quia
901 506 1041 533 hactenus
1061 504 1190 540 psalmos
1212 511 1299 531 orans
1321 505 1384 530 sive
1403 503 1454 529 (10-

164 545 284 570 cantans
310 543 403 570 cordis
431 553 495 571 cum
522 543 613 570 multa
640 543 776 570 ariditate
802 543 832 569 id
859 544 905 578 egi
930 545 960 570 et
983 544 1142 579 plurimum
1165 541 1309 568 indevote.
1356 541 1452 567 Choro

164 582 239 608 enim
265 582 308 607 sic
339 588 423 607 orans
445 583 496 608 aut
514 582 634 608 cantans
656 580 803 607 advertere
825 582 937 613 curavi,
965 589 1039 615 quae
1061 581 1137 607 esset
1156 579 1277 605 materia
1297 580 1350 605 aut
1368 586 1453 614 quor-

164 626 226 644 sum
253 618 322 645 talis
350 620 402 644 aut
423 618 493 645 talis
513 618 616 654 psalmi
642 618 792 645 tenderent
809 618 907 645 verba.
945 618 1074 653 Ideoque
1092 615 1146 643 tali
1169 616 1350 643 indevotioni
1371 623 1454 642 meae

164 655 324 682 remedium
353 654 554 691 qualecunque
586 656 769 691 appositurus
807 654 962 690 diligenter
997 655 1129 690 perspexi
1164 653 1295 689 singulos
1325 653 1453 688 psalmos

166 693 362 725 considerans,
385 692 420 719 de
441 701 498 727 qua
515 694 640 720 materia
660 694 799 719 tractaret
815 692 941 727 quilibet
957 693 1097 728 psalmus.
1132 691 1198 724 Qua
1216 691 1341 717 materia
1352 691 1454 717 habita

165 731 352 757 conformiter
377 729 413 756 ad
442 738 505 757 eam
525 732 603 758 circa
622 730 781 766 quemlibet
799 729 941 765 psalmum
963 738 1078 757 carmen
1098 737 1188 755 unum
1208 728 1261 755 sub
1281 730 1351 755 nota
1370 736 1452 763 prae-

165 768 219 794 fati
250 768 385 794 carminis
415 768 553 795 ordinavi.
601 768 664 800 Quo
694 767 798 794 facturn
831 770 886 801 est,
917 767 1018 794 divina
1044 768 1216 801 cooperante
1243 765 1354 800 gratia,
1385 765 1453 792 dum

166 804 308 839 psalmum
340 813 538 840 quemcunque
563 813 633 841 prae
657 805 791 831 manibus
817 804 927 832 hahens
955 814 1032 832 orem
1060 807 1111 832 aut
1134 805 1260 835 cantem,
1289 810 1406 830 carmen
1426 803 1452 829 ei

168 842 393 877 correspondens
414 850 445 870 se
466 843 557 870 oculis
577 843 681 869 montis
706 844 757 868 aut
778 844 906 877 eorpon's
934 843 1044 869 obiciat
1067 849 1122 868 nec
1141 842 1257 876 penitus
1277 841 1453 867 inattentum

168 881 197 905 et
215 879 398 911 indevotum,
418 882 452 906 ut
469 881 559 914 prius,
581 887 697 906 manere
717 880 802 905 sinat.
839 879 874 906 In
894 880 950 906 hoc
969 882 1064 906 autem
1085 886 1221 914 processu
1239 878 1405 905 Honorium
1425 879 1455 904 et.

168 916 256 949 alios,
285 918 335 952 qui
354 919 446 951 magis
466 919 619 950 mysticum
640 925 724 951 quam
744 916 888 944 literalem
907 918 1053 952 prosecuti
1072 918 1140 943 sunt
1162 923 1294 947 sensum,
1321 923 1387 942 raro
1408 923 1452 942 se.-

167 956 249 980 cutus
269 962 347 985 sum,
369 954 420 980 sed
439 955 536 990 potius
558 955 712 981 Nicolaum
732 954 767 980 de
785 954 880 988 Lyra,
901 955 949 981 cui
968 955 1061 981 maior
1080 961 1151 980 cura
1168 953 1225 979 fuit
1243 960 1327 987 quam
1350 953 1453 979 ceteris

166 992 264 1018 sensui
293 992 427 1019 insistere
455 992 572 1019 literali.
616 991 814 1019 Nihilominus
839 993 936 1019 tamen
963 994 996 1018 ut
1019 991 1223 1022 communiter,
1254 991 1342 1017 immo
1369 991 1454 1024 quasi

168 1037 287 1063 semper,
308 1029 424 1056 brevem
443 1030 653 1056 oratiunculam
674 1030 704 1055 in
721 1029 851 1063 quolibet
870 1030 996 1056 carmine
1016 1029 1136 1059 inserui,
1157 1035 1231 1063 quae
1250 1029 1372 1061 mystice
1391 1029 1454 1054 sive

165 1065 313 1092 moraliter
333 1074 369 1093 ex
387 1066 440 1093 tali
460 1067 572 1101 psalmo
594 1067 660 1094 elici
677 1068 780 1101 potest.
812 1065 852 1092 Et
873 1067 949 1101 quia,
970 1068 1004 1093 ut
1023 1068 1091 1093 aute
1109 1067 1168 1092 iam
1189 1065 1257 1096 dixi,
1277 1064 1314 1091 ad
1333 1066 1453 1092 obvian-

165 1103 233 1129 dum
258 1103 438 1130 indevotioni
465 1104 520 1130 hoc
548 1104 617 1134 feci,
651 1102 715 1129 ideo
748 1103 898 1137 quodlibet
921 1112 1036 1130 carmen
1062 1111 1080 1129 a
1105 1103 1221 1129 nomine
1245 1102 1313 1129 Iesu
1341 1103 1452 1137 incepi;

166 1141 210 1166 sic
236 1141 311 1166 enim
336 1140 451 1167 facilius
478 1141 640 1168 desiderata
664 1149 696 1167 se
723 1140 805 1167 offert
828 1140 952 1168 devotio.
991 1141 1032 1167 Et
1057 1140 1130 1167 illud
1153 1139 1231 1166 idem
1256 1147 1362 1166 nomen
1385 1140 1454 1166 Iesu

167 1178 251 1211 quasi
271 1185 383 1212 semper
402 1180 461 1204 stat
478 1179 510 1204 in
527 1179 661 1205 vocat-ivo
683 1185 767 1210 casn,
788 1177 945 1213 aliquando
966 1181 1071 1210 tamen,
1092 1177 1142 1204 sed
1161 1184 1226 1203 raro
1247 1179 1306 1203 stat
1321 1178 1352 1203 in
1371 1177 1451 1212 geni-

164 1215 234 1243 tivo,
255 1218 288 1241 ut
306 1216 337 1240 in
359 1213 401 1241 17.
420 1218 448 1242 et
463 1213 508 1241 21.
524 1216 643 1250 psalmo,
665 1217 694 1242 et
707 1215 840 1242 similiter
853 1215 885 1241 in
897 1213 943 1242 73.
959 1217 988 1242 et
1006 1217 1038 1242 in
1051 1213 1095 1242 94.
1109 1216 1141 1241 in
1154 1214 1253 1240 dativo
1268 1221 1346 1247 casu,
1367 1215 1454 1248 prout.

166 1251 401 1287 quilibetcunque
422 1260 521 1287 parum
542 1253 708 1288 intelligens
728 1252 853 1278 faciliter
876 1261 912 1279 ex
925 1261 1011 1280 sensu
1025 1254 1172 1287 percipere
1185 1253 1288 1286 potest.
1321 1251 1454 1287 Explicit

164 1288 311 1323 prologus.
323 1303 359 1306 —
371 1289 538 1317 Ausserdem
554 1290 625 1324 geht
637 1290 701 1316 dem
712 1289 887 1316 Psalterium
900 1290 975 1317 noch
989 1290 1037 1316 (110
1049 1289 1183 1325 folgende
1193 1288 1318 1324 Strophe
1330 1288 1448 1316 vorauf:

500 1336 576 1368 Iesu,
597 1336 667 1371 quia
686 1335 821 1362 devotum
840 1337 933 1371 cupio,
957 1335 1095 1368 salvator,

501 1373 609 1400 Facere
629 1372 807 1407 psalterium,
828 1373 900 1399 mihi
922 1373 1087 1400 consolator

502 1410 628 1445 Spiritus
648 1410 806 1445 paraclitus
827 1411 906 1445 assit,
927 1411 1126 1446 imperfectum

501 1447 643 1483 Suppleat
661 1450 690 1475 et
709 1447 812 1474 doceat
829 1447 892 1480 fari,
915 1448 991 1482 quod
1007 1450 1052 1474 est
1071 1449 1189 1474 rectum.

163 1492 314 1519 Versasscr
333 1493 373 1518 ist
391 1492 441 1520 der
460 1494 620 1530 ehemalige
634 1495 773 1529 Magister
795 1493 845 1520 der
857 1494 977 1522 lViener
988 1494 1175 1521 Hochschule
1187 1493 1337 1521 ..lohannes
1350 1495 1453 1528 Faber,

166 1530 263 1564 spater
288 1529 331 1556 als
351 1529 457 1558 Moneh
482 1540 541 1558 von
559 1532 636 1558 Mons
645 1540 678 1558 ee
698 1532 821 1565 Hieron)
829 1540 892 1558 mus
919 1532 954 1559 de
973 1531 1100 1559 VVerdea
1125 1531 1193 1559 oder
1212 1531 1248 1558 de
1266 1532 1385 1559 Mensee
1406 1541 1454 1568 ge-

167 1569 266 1593 naunt.
301 1567 367 1602 Vgl.
385 1568 456 1596 iiber
469 1568 520 1595 ihn
533 1569 662 1595 Vinzenz
676 1568 799 1603 Staufer,
813 1568 966 1596 Mondseer
980 1569 1123 1602 Gelehrte,
1137 1570 1225 1596 XVien
1240 1566 1313 1596 1864
1326 1569 1354 1597 S.
1372 1568 1414 1596 15.
1426 1570 1453 1596 ff.
