1650 2612
244 191 298 222 33.

243 416 297 447 34.

245 866 299 898 36.

239 1092 297 1123 37.

241 1542 294 1574 38.

240 1768 295 1798 39.

235 1993 291 2024 40.

747 93 1003 128 —256—

323 190 401 232 Ave,
427 190 537 228 mater,
565 188 650 218 cuius
674 191 794 230 partus,

326 236 420 268 Cibus
444 235 527 266 vitae
549 234 640 266 nobis
665 233 780 276 factus,

327 282 462 314 Gustare
487 281 573 313 dedit
598 281 765 320 mentibus,

323 330 420 368 Quam
442 328 546 359 suavis
572 331 620 359 est
643 328 806 360 Dominus.

323 415 403 455 Ave,
429 415 540 454 mater,
565 413 650 444 cuius
674 416 784 452 partus

321 461 411 492 Salus
437 460 527 491 nobis
554 463 602 491 est
625 459 751 491 effectus

319 507 427 539 Effusa
451 507 551 546 patris
577 506 706 548 framea,

324 554 408 592 Quae
432 553 529 585 scidit
551 556 660 585 nostra
684 554 824 586 vulnera.

288 664 294 671 .
319 639 399 680 Ave,
425 642 535 678 mater,
563 639 649 670 cuius
673 642 793 681 partus

320 686 457 717 Torrens
484 694 624 717 summae
647 686 829 725 voluptatis,

321 732 458 764 Verbum
487 732 587 771 patris
617 733 708 764 homo
729 732 842 772 factus,

321 779 406 810 Fons
425 779 509 810 vitae
526 783 573 811 est
590 779 740 818 splendor
752 779 841 811 111015.

322 865 402 903 Ave,
429 865 572 896 caelestis
595 865 699 906 ianua,

324 913 391 951 Qua
414 912 569 952 processit
591 912 787 955 Emmanuel,

324 959 417 991 Cuius
442 959 546 989 lumen
569 959 700 998 iustitia,

321 1006 478 1038 Iudicium
501 1006 660 1039 meridies.

321 1091 400 1130 Ave,
427 1094 537 1129 mater,
564 1099 643 1129 quae
666 1091 813 1131 gaudium

320 1137 477 1177 Peperisti
504 1136 655 1176 fidelium,

320 1186 406 1216 Ante
430 1192 520 1223 quem
547 1184 736 1216 desiderium

318 1231 429 1263 Manet
452 1239 487 1261 se
511 1230 715 1270 diligentium.

320 1316 384 1347 Per
407 1316 510 1354 ipsum
533 1317 640 1346 noster
663 1316 795 1355 gemitus

321 1362 410 1394 Patri
436 1370 496 1393 non
521 1365 569 1393 est
593 1361 803 1405 absconditus,

319 1409 402 1440 Dum
427 1417 460 1439 se
484 1407 562 1440 facit
586 1409 771 1440 advocatum

321 1456 409 1488 Pium
435 1455 590 1494 praebens
616 1456 806 1489 exauditum.

319 1541 398 1583 Ave,
425 1543 534 1580 mater,
562 1540 601 1571 de
625 1550 686 1580 qua
710 1544 818 1573 nostra

317 1587 475 1620 Processit
497 1588 700 1627 exspectatio,

318 1636 355 1667 In
381 1643 442 1674 qua
466 1636 574 1666 nostra
598 1635 773 1667 substantia

320 1682 423 1713 Patris
451 1681 595 1712 consedit
613 1682 702 1714 solio.

321 1767 400 1809 Ave,
422 1768 532 1805 mater,
559 1771 646 1798 0111115
670 1770 780 1806 partus

316 1814 356 1846 Se
379 1822 436 1853 pro
461 1813 551 1845 nobis
576 1813 792 1846 holocaustum

316 1861 409 1893 Fecit
432 1860 517 1892 Deus
543 1870 615 1892 caro
640 1860 752 1902 factus,

317 1907 408 1940 Solus
431 1911 571 1939 nostrum
596 1909 780 1941 remedium.

317 1994 395 2030 Ave,
421 1995 531 2035 mater,
557 1993 644 2024 cuius
668 1996 779 2032 partus

315 2039 447 2071 Nostras
473 2040 597 2071 sanavit
621 2040 751 2081 animas,

317 2086 407 2118 Solus
431 2088 542 2124 potens
567 2087 739 2119 advocatus

315 2134 422 2173 Agens
440 2141 558 2173 causas,
577 2134 701 2166 solvens
719 2135 838 2173 culpas.

911 189 967 220 41.

911 413 966 445 42.

910 639 965 670 43.

913 865 967 897 44.

911 1091 965 1122 45.

910 1315 965 1347 46.

908 1541 963 1572 47.

907 1768 962 1800 48.

907 1995 962 2027 49.

992 189 1071 228 Ave,
1097 191 1207 228 mater,
1235 190 1322 221 cuius
1346 188 1457 219 laudes

992 234 1091 266 Sonus
1116 234 1196 266 fiunt
1217 235 1386 275 epulantis,

992 281 1225 320 Scripturarum
1250 283 1312 314 cibi
1338 281 1445 312 dulces

991 326 1031 359 In
1055 336 1131 359 voce
1156 327 1371 361 confessionis,

991 412 1069 452 Ave,
1095 415 1205 454 mater,
1234 413 1321 444 cuius
1344 414 1454 450 partus

990 458 1052 490 Est
1074 459 1176 490 altare
1200 459 1261 490 Dei
1286 458 1387 498 patris

991 505 1182 537 Laetificans
1206 506 1339 537 intuitus

993 553 1168 584 Iuventutis
1192 556 1320 584 nostrae
1343 552 1468 585 mentiS.

989 638 1069 679 Ave,
1099 646 1179 677 quae
1202 638 1304 677 patris
1328 636 1492 668 brachium

994 685 1159 723 Peperisti,
1185 685 1289 716 Iesum
1316 683 1486 724 Christum,

996 731 1089 763 Cuius
1114 731 1302 763 illuminatio

993 778 1105 809 Vultus
1129 778 1191 809 Dei
1214 777 1250 809 fit
1275 777 1364 810 visio.

994 864 1073 905 Ave,
1101 864 1188 895 cuius
1213 862 1387 895 visceribus

993 911 1078 942 Deus
1102 914 1194 950 pater
1218 909 1374 950 ingenitus

991 958 1159 989 Eructavit
1182 957 1311 990 verbum
1336 956 1460 998 bonum,

993 1004 1121 1036 Scilicet
1143 1004 1347 1045 unigenitum.

990 1090 1071 1129 Ave,
1098 1089 1184 1121 cuius
1209 1090 1380 1121 altissimus

991 1136 1137 1168 Sacravit
1159 1136 1407 1175 tabernaculum.

992 1184 1147 1215 Paternae
1170 1184 1249 1215 lucis
1274 1183 1383 1215 radius

990 1230 1108 1262 Factus
1132 1230 1223 1262 nobis
1248 1230 1432 1262 remedium.

989 1315 1069 1352 Ave,
1093 1317 1204 1355 mater,
1230 1315 1316 1346 cuius
1338 1317 1449 1353 partus

990 1361 1108 1393 Nostra
1132 1362 1217 1393 salus
1243 1365 1291 1393 est
1315 1361 1453 1403 effectus,

989 1408 1083 1440 Unde
1108 1409 1222 1440 clamat
1245 1409 1334 1440 nobis
1350 1409 1505 1448 psalmus:

990 1455 1149 1495 Plaudite,
1177 1459 1296 1497 gentes,
1322 1456 1476 1490 manibus..

989 1540 1068 1578 Ave,
1095 1541 1238 1572 caelestis
1263 1540 1393 1580 mansio,

989 1587 1038 1618 De
1064 1587 1149 1618 cuius
1174 1588 1287 1627 templi
1309 1588 1413 1619 medio

991 1634 1190 1675 Suscepimus
1215 1635 1410 1666 incarnatam

988 1681 1050 1713 Dei
1073 1682 1332 1715 misericordiam.

987 1767 1066 1809 Ave,
1093 1767 1173 1799 caeli
1196 1767 1355 1807 introitus,

988 1814 1107 1846 Divma
1130 1814 1292 1857 habitatio,

990 1861 1085 1894 Cuius
1110 1864 1158 1893 est
1181 1862 1272 1894 nobis
1296 1861 1380 1894 filius

987 1909 1032 1940 Et
1055 1908 1155 1940 frater
1182 1912 1213 1940 et
1236 1910 1425 1949 redemptio.

988 1996 1068 2034 Ave,
1096 1995 1171 2027 Sion
1195 1996 1344 2037 gloriosa,

988 2041 1039 2073 De
1063 2051 1125 2081 qua
1147 2043 1239 2075 nobis
1263 2042 1433 2075 manifesta

989 2088 1045 2119 Fit
1070 2098 1164 2121 carne
1188 2091 1276 2124 verbi
1302 2090 1411 2131 facies,

989 2135 1122 2167 Decoris
1147 2137 1208 2168 Dei
1232 2139 1365 2177 species,

571 2210 624 2241 50.
652 2208 730 2252 Ave,
757 2208 900 2241 caelestis
924 2209 1030 2252 ianua,

653 2257 721 2295 Qua
744 2256 805 2287 Dei
828 2256 929 2297 patris
953 2257 1047 2289 unica

651 2303 811 2335 Processit
834 2301 926 2334 nobis
952 2304 1079 2336 reddita

651 2350 804 2382 Salutaris
828 2349 961 2381 laetitia.
