1650 2612
165 182 219 213 23.

165 500 219 530 24.

163 819 217 850 25.

166 1136 219 1167 26.

168 1452 222 1483 27.

167 1770 220 1803 28.

168 2100 221 2132 29.

677 99 742 108 „iffi
773 76 819 116 ες
871 95 913 108 „2-

244 182 322 218 Ave,
348 182 430 223 Iesu,
458 180 526 221 quis
549 178 675 219 astabit,

245 227 309 260 Ubi
334 229 417 259 totus
440 226 597 259 intonabit

292 274 384 305 Orbis
411 276 520 305 contra
541 273 682 312 impium,

245 322 331 360 Igne,
357 324 452 363 motu,
478 321 673 360 tempestate,

243 367 397 406 Ullulatu,
423 366 579 407 vastitate,

295 413 452 445 Collisura
475 412 614 444 nubium.

246 500 325 540 Ave,
350 498 434 537 Iesu,
459 496 520 527 tibi
545 497 648 527 clarae

246 544 443 575 Videbantur
467 546 542 574 tunc
566 545 670 575 astare

290 591 481 631 Angelorum
505 591 598 631 acies,

246 639 328 670 Prae
350 637 465 669 timore
488 639 563 668 tunc
587 638 740 675 arescent,

244 685 333 716 Tunc
357 687 392 716 ut
416 685 480 715 olla
504 684 724 723 denigrescent

291 731 518 763 Damnatorum
543 729 650 762 facies.

245 818 324 855 Ave,
349 815 432 855 Iesu,
461 815 527 847 dies
550 816 617 856 ille,

247 864 343 901 Quem
361 867 499 894 terrores
525 860 653 893 foedant
671 861 767 899 mille,

288 910 427 949 ‚Magnus
451 912 484 940 et
504 908 658 940 terribilis

247 957 351 989 Corda
374 954 501 995 franget
523 954 739 995 reproborum,

245 1002 326 1034 Nam
350 1007 385 1034 tu
408 1003 503 1034 iudex
528 1002 720 1033 occultorum

292 1049 364 1081 Stas
389 1049 602 1081 inexorabilis.

245 1135 324 1174 Ave,
349 1134 431 1176 Iesu,
457 1133 592 1165 mundus
617 1135 729 1173 gemet,

247 1181 345 1213 Omne
368 1180 475 1211 vivum
499 1179 558 1211 tibi
581 1182 694 1210 tremet

294 1228 376 1258 Prae
398 1226 621 1264 sollicitudine,

246 1274 346 1311 Servi,
372 1281 460 1312 reges
484 1283 547 1304 una
568 1273 706 1314 stabunt,

246 1320 418 1359 Rugientes
440 1319 619 1351 ullulabunt

294 1368 376 1398 Prae
398 1366 617 1398 amaritudine.

248 1453 327 1491 Ave,
353 1451 437 1489 Iesu,
462 1451 558 1482 iudex
585 1451 671 1489 dure,

248 1498 360 1537 Quanti
383 1502 499 1539 aestus,
525 1500 660 1537 quantae
678 1506 772 1529 curae

293 1546 383 1576 Tunc
406 1544 568 1577 involvent
589 1545 730 1584 miseros,

248 1592 331 1623 Dum
355 1602 375 1623 a
398 1592 488 1623 iustis
512 1591 710 1631 sequestrati,

246 1639 299 1670 Ad
324 1639 485 1670 sinistram
510 1639 655 1670 collocati

294 1685 450 1717 Proruent
473 1685 514 1717 ad
537 1685 667 1717 inferos

243 1771 323 1809 Ave,
353 1771 435 1810 Iesu,
462 1779 554 1810 quam
579 1770 767 1814 pavendum,

247 1817 324 1849 Cum
332 1817 518 1849 damnandis
524 1818 564 1849 ad
570 1818 775 1850 horrendum:

297 1864 373 1908 „lte,
399 1862 462 1895 ite“
493 1864 618 1905 dicitur,

247 1911 345 1949 Quam
362 1911 515 1951 gemenda
531 1914 659 1951 gemunt
674 1913 767 1952 mole,

250 1958 327 1990 Cum
353 1958 472 1989 detrusi
496 1967 515 1988 a
538 1961 572 1989 te
594 1959 661 1989 sole

295 2003 374 2043 Spes
399 2005 510 2036 salutis
531 2005 663 2038 tollitur.

246 2100 326 2139 Ave,
353 2099 434 2139 Iesu,
461 2102 536 2130 tunc
555 2097 673 2130 inferni

246 2147 401 2185 Flamma,
425 2146 514 2186 ignes
537 2146 722 2186 sempiterni

296 2192 548 2224 concremabunt
570 2193 722 2235 perditOS,

247 2240 337 2271 Tunc
359 2239 519 2279 torquebit
537 2243 651 2279 putens
666 2241 770 2281 nidor,

247 2286 342 2327 Ignis,
368 2286 479 2327 frigus,
504 2285 607 2326 fletus,
633 2287 751 2319 stridor

292 2333 420 2371 Mundi:
431 2334 588 2374 quondam
604 2334 747 2367 inclitos

840 178 893 210 30.

839 496 894 527 31.

840 816 894 846 32.

841 1134 895 1165 33.

842 1453 895 1484 34.

840 1772 895 1806 35.

843 2101 898 2133 36.

920 178 999 217 Ave,
1025 178 1107 217 Iesu,
1135 179 1208 208 tunc
1233 177 1353 218 dolore,

919 225 1010 257 Tunc
1033 224 1192 256 horrendo
1215 231 1295 263 prae
1320 221 1428 255 furore

966 270 1041 310 Vae,
1061 279 1129 310 vae,
1146 278 1210 311 vae,
1226 279 1285 302 vae
1297 271 1447 310 mugient,

919 317 961 348 Vi
984 317 1102 356 sepulti
1122 317 1320 348 tenebrarum

919 363 1008 395 Nihil
1031 363 1095 395 nisi
1118 373 1178 395 vae
1201 372 1340 395 amarum

967 410 1043 442 Sine
1065 409 1129 441 fine
1151 411 1285 449 rugient.

919 495 1000 534 Ave,
1022 494 1105 531 Iesu,
1130 503 1203 533 spes
1227 495 1394 534 iustorum,

920 541 1018 580 Quam
1042 542 1200 579 stupenda
1224 544 1299 573 tunc
1324 550 1432 573 eorum

965 587 1037 620 Erit
1063 588 1241 627 exsultatio,

922 634 998 667 Cum
1023 643 1058 666 se
1082 637 1213 666 cernent
1227 634 1447 676 assumendos,

921 682 998 713 Post
1017 682 1158 713 laborem
1182 681 1378 714 inducendos

967 729 1136 761 Beatorum
1159 729 1285 768 gaudio.

919 815 998 855 Ave,
1023 813 1107 853 Iesu,
1132 812 1185 845 fac
1207 822 1265 845 nos
1290 822 1359 845 esse

919 861 955 892 In
982 863 1121 891 extrema
1144 861 1201 892 illa
1225 869 1328 892 messe

966 907 1043 939 Tuis
1068 916 1138 938 cum
1161 906 1322 948 fidelibus,

919 954 970 985 Ibi
993 962 1051 992 per
1075 957 1108 985 te
1132 956 1168 985 ut
1190 955 1359 993 salvemur,

919 1001 959 1032 In
983 1004 1015 1031 te
1038 1000 1115 1032 laeti
1139 1001 1311 1040 gloriemur

969 1048 1086 1087 Regnis
1109 1047 1143 1078 in
1169 1047 1366 1082 caelestibus,

920 1133 1001 1171 Ave,
1024 1132 1107 1171 lesu,
1133 1135 1209 1163 tunc
1234 1133 1370 1164 cessabit

923 1180 1057 1220 Clamor,
1083 1180 1186 1210 luctus
1212 1179 1397 1221 exspirabit,

968 1225 1202 1265 Abstergentur
1225 1226 1387 1266 lacrimae,

922 1272 1011 1304 Tunc
1035 1271 1211 1304 conformes
1235 1273 1296 1305 tibi
1322 1276 1424 1313 erunt,

923 1320 982 1358 Qui
1003 1322 1038 1350 te
1060 1320 1159 1351 vitam
1182 1324 1376 1363 amaverunt,

968 1365 1150 1398 Electorum
1175 1367 1307 1399 animae.

921 1452 1000 1491 Ave,
1026 1452 1109 1492 Iesu,
1137 1451 1231 1491 digne
1256 1452 1327 1489 coli,

923 1497 1034 1530 Carnis
1059 1501 1133 1529 tuae
1158 1499 1244 1530 claro
1268 1499 1329 1531 soli

968 1546 1058 1577 Tunc
1082 1544 1356 1585 configurabimur,

923 1591 1004 1624 Caro
1029 1595 1138 1623 nostra
1163 1591 1276 1624 foedae
1297 1594 1390 1625 molis

924 1638 1107 1670 Claritatem
1130 1640 1237 1671 vincet
1259 1640 1347 1682 solis,

971 1686 1047 1718 Cum
1072 1687 1120 1717 sic
1141 1686 1388 1720 immutabimur.

921 1772 1001 1812 Ave,
1026 1771 1108 1808 Iesu,
1136 1771 1231 1803 credo
1257 1772 1312 1812 ita,

919 1818 991 1850 Hoc
1013 1817 1148 1849 mortale
1171 1818 1256 1858 quod
1281 1829 1300 1850 a
1326 1820 1391 1851 vita

968 1866 1103 1897 Prorsus
1128 1864 1360 1906 absorbebitur,

922 1913 1069 1945 Crassum
1094 1912 1156 1943 erit
1178 1915 1254 1943 tunc
1276 1913 1403 1954 subtile,

922 1959 1148 2001 Ponderosum,
1175 1959 1313 2001 tardum,
1339 1961 1405 1995 vile

918 2030 921 2036 .
969 2007 1058 2038 Tunc
1081 2005 1287 2044 agilitabitur,

922 2099 1004 2141 Ave,
1029 2099 1111 2137 Iesu,
1137 2099 1193 2131 lux
1216 2105 1338 2142 serena,
1362 2129 1365 2132 .

923 2145 978 2177 Sic
997 2155 1055 2177 nos
1079 2147 1173 2183 duces
1198 2147 1240 2178 ad
1264 2156 1396 2183 amoena

967 2193 1158 2225 Luminosae
1179 2193 1314 2237 patriae,

920 2240 971 2272 Ibi
995 2242 1119 2280 patrem
1142 2250 1358 2282 agnoscemus,

920 2287 970 2319 Ibi
994 2296 1108 2321 novum
1132 2291 1207 2320 tunc
1229 2288 1369 2328 legemus

968 2334 1102 2366 Librum
1125 2335 1314 2375 sapientiae.
