1650 2612
209 177 263 209 36.

211 576 265 609 37.

213 976 267 1009 38.

217 1378 271 1411 39.

217 1780 273 1812 40.

218 2183 275 2216 41.

722 78 952 112 „34-

289 176 417 207 Vultum
443 178 540 214 tuum,
565 174 711 212 Domine,

336 223 471 263 requiro,
497 222 666 260 splendore

290 269 448 312 Divinum,
477 268 691 307 dignissimum

337 316 431 347 laude
456 318 486 346 et
509 315 636 352 honore,

291 362 336 394 Et
360 365 454 401 sputa
477 361 595 399 recipio

336 417 394 447 pro
419 407 508 439 suavi
532 407 638 445 odore,

291 455 375 493 Quae
397 454 488 485 illata
511 453 570 483 tibi
595 454 669 483 sunt

337 510 355 532 a
378 501 590 539 persecutore.

292 576 316 608 Ο
342 575 446 607 vultus
471 574 615 606 amabilis

338 622 496 653 Nazareni
520 619 617 660 floris,

290 670 349 708 Qui
368 667 493 701 Mariae
516 667 630 699 totiens

340 715 468 747 delicati
493 714 555 747 oris

292 762 465 801 Suscepisti
490 761 605 799 oscula,

339 810 451 849 plenus
477 817 510 840 es
534 806 696 846 maeroris,

292 855 352 893 Qui
375 864 434 894 per
460 857 554 895 sputa
578 853 736 886 contrahis

340 903 478 934 maculas
503 901 653 933 horroris.

293 977 340 1008 Te
364 976 480 1015 velant,
505 977 539 1005 te
562 975 704 1006 lacerant

341 1031 450 1054 manus
472 1022 650 1060 impiorum,

296 1069 411 1102 Gravis
436 1070 478 1100 ad
502 1069 672 1100 videndum
698 1076 730 1099 es

343 1116 441 1147 oculis
467 1124 584 1156 eorum,

298 1164 415 1202 Quibus
438 1163 544 1193 lumen
568 1170 699 1193 veneras

343 1209 497 1249 praebere
520 1210 708 1248 sanctorum,

296 1255 483 1296 Margarita,
508 1255 646 1294 claritas,

347 1302 497 1343 splendor
520 1302 709 1341 angelorum.

296 1378 420 1415 Anima,
447 1376 612 1408 considera

342 1425 425 1455 hunc
449 1424 566 1455 vultum
593 1426 625 1454 et
647 1431 722 1462 gere

296 1471 419 1503 Morem
444 1470 665 1509 benignissimo

344 1519 426 1555 Iesu,
452 1516 600 1549 exhibere

298 1565 425 1596 Vultum
450 1563 543 1596 stude
566 1562 740 1603 lugubrem,

344 1620 412 1642 cum
435 1610 541 1642 Maria
564 1608 649 1649 flere,

297 1658 341 1689 Et
364 1657 534 1689 Iohannem
558 1657 677 1694 videas,

348 1703 442 1737 debes
468 1704 643 1736 condolere.

301 1779 444 1819 Gladius,
471 1779 524 1819 qui
548 1779 683 1810 animam

344 1827 493 1858 transivit
514 1826 648 1866 Mariae,

298 1874 423 1911 Anima,
450 1876 482 1904 te
507 1873 657 1914 vulneret,

345 1919 458 1959 quodsi
480 1919 574 1950 modo
598 1920 652 1958 pie

302 1966 378 1998 Cum
402 1966 506 1997 Maria
528 1964 663 2004 fleveris,

344 2013 405 2044 hoc
427 2014 555 2051 peracto
583 2012 650 2044 viae

300 2059 400 2091 Cursu
424 2059 457 2090 in
480 2059 650 2091 novissimo

346 2109 381 2137 tu
405 2106 523 2138 ridebis
549 2105 609 2138 die.

299 2181 395 2214 Dicat
419 2184 520 2213 mater
542 2180 626 2213 filio:

348 2229 403 2269 fili,
430 2228 593 2260 consolare

303 2277 392 2310 Sicut
415 2278 515 2307 mater
541 2275 684 2316 animam,

350 2324 437 2363 Quae
459 2321 549 2355 flevit.
571 2330 679 2354 amare

883 387 939 419 42.

885 789 940 821 43.

888 1190 942 1222 44.

892 1593 947 1624 45.

892 1995 947 2028 46.

966 173 1066 204 Tuam
1091 173 1233 212 mortem,
1259 168 1406 201 lacrimas

1012 218 1185 258 abstergas,
1211 223 1344 256 regnare

964 265 1031 297 Fac
1055 268 1157 295 tecum
1180 263 1213 294 in
1238 262 1348 303 gloria,

1011 315 1114 343 tecum
1140 310 1309 342 exsultare.

965 387 1051 425 Quae
1074 385 1134 417 tibi
1160 392 1324 424 compassa
1349 385 1406 422 est,

1012 432 1093 463 nihil
1117 431 1266 471 patiatur,

963 479 1039 510 Fiat
1062 477 1276 519 impassibilis,

1012 533 1170 564 nunquam
1197 524 1358 560 moriatur,

966 571 1157 604 Immortalis
1182 572 1318 608 maneat,

1012 619 1092 650 haec
1116 617 1336 649 introducatur

965 666 1003 698 In
1028 667 1115 696 tuum
1141 664 1317 696 cubiculum

1012 715 1105 751 teque
1128 710 1322 751 perfruatur.

966 787 1019 819 Sic
1042 786 1282 818 misericordiae

1013 837 1114 866 mater
1138 842 1196 872 pro
1221 835 1253 863 te
1274 832 1381 870 stabit,

967 880 1108 912 Labores
1134 883 1166 911 et
1187 879 1336 910 lacrimas

1014 930 1084 958 tuas
1109 926 1305 965 retractabit,

965 973 1105 1005 Auribus
1127 972 1298 1005 dulcissimi

1013 1022 1086 1053 Iesu
1109 1019 1291 1060 inculcabit,

966 1068 1039 1099 Tibi
1062 1067 1270 1106 patrocinium

1013 1113 1169 1146 Iohannes
1193 1112 1380 1152 praestabit.

969 1188 1069 1220 Stude
1094 1197 1176 1232 ergo,
1205 1188 1318 1227 anima,

1015 1237 1051 1267 ut
1073 1236 1289 1275 promovearis

967 1283 1020 1314 Ad
1046 1284 1150 1314 tantas
1178 1282 1317 1323 delicias,

1016 1330 1062 1360 sic
1085 1329 1237 1360 intuearis

968 1376 1081 1415 Iesum,
1109 1379 1143 1406 ut
1168 1384 1226 1415 pro
1251 1376 1376 1408 nomine

1017 1423 1089 1454 Iesu
1113 1422 1246 1462 patiaris

968 1469 1013 1501 Et
1036 1469 1100 1500 suis
1127 1470 1336 1501 communices

1017 1517 1138 1556 poculis
1162 1517 1290 1549 amaris.

973 1592 1101 1623 Vultum
1126 1594 1224 1631 tuum,
1250 1592 1395 1630 Domine.

1016 1638 1094 1670 mihi
1120 1639 1327 1679 contemplari

971 1686 1074 1717 Dulce
1097 1686 1149 1726 sit,
1174 1685 1306 1718 iniurias

1019 1736 1088 1765 tuas
1113 1732 1298 1776 amplexari,

970 1780 1054 1811 Tuas
1082 1780 1285 1811 contumelias

1019 1825 1071 1857 hic
1094 1826 1322 1867 philosophari,

972 1873 1091 1904 Tribue
1114 1871 1270 1911 proficere

1018 1920 1052 1950 in
1076 1919 1136 1950 hoc
1158 1922 1343 1960 exemplari.

975 1995 1058 2032 Quot
1080 1995 1229 2026 maxillae
1253 1997 1356 2037 alapis

1020 2050 1077 2081 pro
1102 2051 1153 2073 me
1177 2040 1345 2084 feriuntur,

975 2088 1058 2126 Quot
1081 2088 1179 2120 verba
1203 2089 1420 2130 blasphemiae

1020 2134 1081 2166 tuis
1105 2135 1292 2175 ingeruntur

974 2181 1124 2221 Auribus,
1150 2184 1197 2214 sic
1217 2184 1357 2217 instruor

1024 2237 1093 2260 cum
1116 2229 1178 2261 ista
1204 2230 1361 2274 leguntur,

973 2277 1075 2307 Arma
1098 2277 1271 2315 patientiae

1025 2322 1103 2354 mihi
1126 2332 1354 2363 proponuntur.
