1650 2612
717 82 948 117 ,72-

208 178 261 211 36.
288 178 369 217 Iesu,
396 178 449 217 qui
474 177 625 210 ecclesiae
960 177 1048 208 Doce
1071 186 1139 217 nos,
1164 178 1201 208 ut
1224 176 1343 217 gratias

338 226 454 256 statum
478 224 642 256 militantis
1010 223 1138 256 devotas
1163 232 1291 264 agamus

290 271 353 302 Hic
376 280 435 310 per
459 269 543 304 Core
565 271 647 303 filios
961 270 1127 302 Servitutis
1152 274 1342 309 nostraeque

337 319 442 357 Atque
463 317 687 357 triumphantis
1005 325 1137 358 pensum
1160 317 1388 357 persolvamus,

292 364 464 403 Descfibis,
488 373 546 395 nos
569 365 601 395 in
628 363 703 395 Sion

335 413 470 442 montem
497 411 559 441 duc
581 418 762 449 supernum,
877 392 934 423 42·
960 393 1042 430 Iesu’
1069 392 1121 430 qni
1145 392 1234 430 regni
1258 391 1303 422 mi

289 457 353 489 Ubi
377 456 435 487 tibi
461 457 591 495 gloriam
994 437 1239 491 inchoationem
1304 483 1311 489 ,

337 504 444 534 demus
468 503 501 534 in
526 505 686 534 aeternum
960 485 1023 515 Hic
1048 484 1202 515 describls
1228 486 1260 515 et.
1285 492 1351 514 eius

691 527 697 534 '
1007 531 1275 570 impugnationem

208 579 261 611 37.
286 578 368 619 Iesu,
396 578 481 608 cuius
508 577 613 616 pa-sio
962 576 1300 616 Confirmationemque

333 625 386 655 hic
409 624 593 656 denuntiata
1006 624 1159 655 miracula
1182 632 1240 663 per
1264 623 1373 664 multa,

289 670 410 711 Spiritu
432 672 618 711 prophetico
961 671 1056 703 Unde
1082 674 1113 702 et
1137 671 1230 703 valde
1254 670 1368 701 mirum
1395 673 1451 714 est,

335 720 443 756 estque
467 719 665 757 prophetata,
1008 718 1090 758 quod
1103 727 1179 757 gens
1191 726 1254 749 non
1264 717 1366 748 credit
1374 718 1482 749 stulta..

289 764 348 802 Qui
371 773 430 803 pro
454 764 544 795 nobis
569 769 705 797 moriens

335 811 452 851 spolias
476 810 643 847 infernum,

289 857 408 889 Solium
434 867 490 888 nos
514 856 613 889 facias

335 904 488 935 scandere
512 912 690 944 supernum.

876 794 932 825 43.
959 793 1040 831 lesu,
1067 792 1301 833 providentiam

1007 839 1092 878 quod
1115 840 1159 870 ad
1181 843 1271 870 actus
1295 839 1448 871 humanos

959 885 1076 928 Habes,
1104 886 1244 917 ostendis
1268 885 1301 916 in
1326 886 1395 927 hoc,

1008 933 1092 972 quod
1116 932 1209 971 punis
1234 931 1395 973 profanos,

210 980 263 1012 38.
290 981 373 1015 Iesu,
399 978 451 1017 qui
476 987 604 1018 regnum
630 978 736 1010 David
960 979 1027 1011 Nos
1052 981 1157 1010 astare
1181 978 1279 1010 facias

333 1026 381 1057 vis
405 1026 597 1064 perpetuari,
1006 1027 1105 1057 laetos
1130 1029 1204 1057 ante
1227 1025 1384 1067 thronum,

288 1072 361 1103 Non
386 1071 421 1102 in
446 1079 492 1110 eo,
517 1072 575 1103 sed
597 1071 631 1102 in
654 1073 688 1102 te
961 1072 1040 1104 Cum
1064 1073 1099 1103 in
1119 1071 1184 1103 fine
1207 1073 1331 1105 veneris

334 1117 410 1149 iube
433 1118 524 1148 nobis
551 1119 619 1150 dari
1006 1118 1092 1151 Deus
1117 1119 1278 1150 ultionum,

292 1164 434 1195 Gratiam
461 1165 621 1204 divinituS,
1115 1193 1121 1199 .
1252 1193 1259 1199 .

336 1214 371 1242 un
393 1219 518 1249 semper
540 1211 653 1242 intenti
880 1195 935 1226 44.
962 1194 1043 1235 Iesu,
1071 1202 1145 1233 qma
1168 1194 1302 1226 Domino

1007 1240 1059 1272 hic
1083 1240 1124 1271 ad
1148 1241 1347 1272 iubilandum

962 1286 1093 1318 Plebem
1115 1287 1241 1319 inducit
1262 1287 1371 1319 David

1010 1342 1141 1373 eumque
1164 1334 1368 1374 laudandum,

291 1257 367 1288 Tuis
392 1258 488 1288 simus
512 1257 659 1289 laudibus

338 1307 412 1343 post
437 1307 469 1334 et
491 1304 524 1335 in
548 1303 716 1343 praesenti.

212 1379 266 1411 39.
292 1379 374 1417 Iesu‚
400 1379 450 1409 cui
473 1380 601 1418 Moyses
963 1380 1049 1412 Illud
1072 1380 1174 1418 nobis,
1201 1389 1397 1421 quaesumus,

338 1430 443 1465 grates
467 1434 580 1464 magna
604 1433 679 1456 cura
1009 1427 1108 1466 virgo,
1134 1430 1236 1459 mater
1259 1427 1330 1468 Dei,

290 1472 355 1503 Dat
376 1480 435 1510 pro
461 1471 630 1511 beneficiis,
960 1474 1115 1513 Impetret
1142 1483 1162 1505 a
1185 1473 1260 1513 filio,

337 1522 373 1550 ut
395 1518 605 1558 impetretque
628 1518 731 1559 plura,
1008 1522 1043 1551 ut
1066 1520 1233 1552 iubilemus
1260 1522 1298 1554 ei.

292 1565 408 1596 Preces
436 1565 494 1596 tibi
518 1565 662 1604 porrigit,

338 1620 397 1651 per
421 1614 453 1642 te
478 1612 632 1652 dirigatur
881 1596 936 1627 45.
961 1595 1043 1634 Iesu,
1070 1595 1124 1634 qui
1148 1596 1201 1627 hic
1226 1596 1380 1628 canticum

292 1659 410 1690 Nostra
433 1659 479 1689 sic
503 1660 614 1699 oratio,
1008 1651 1123 1673 novum
1150 1643 1321 1695 decantqre

337 1709 374 1736 ut
398 1706 594 1738 exaudiatur.
962 1689 1056 1720 Iubes
1081 1692 1177 1729 atque
1200 1691 1333 1731 gloriam

1009 1739 1096 1767 tuam
1120 1738 1276 1774 nuntiare,

213 1781 267 1814 40.
293 1781 375 1821 Iesu,
400 1783 488 1811 tuum
511 1781 663 1820 populum
963 1782 1047 1814 Iuris
1073 1785 1105 1813 et
1126 1783 1237 1815 iudicii

340 1830 506 1867 protegens
532 1828 664 1859 electum
1009 1828 1167 1860 fervidum
1191 1831 1328 1870 rigorem

290 1874 322 1905 A
348 1874 499 1905 daemone
523 1877 554 1905 et
578 1875 704 1906 homine
964 1876 1025 1907 Per
1049 1876 1286 1908 misericordiae

337 1920 420 1951 malo
446 1923 478 1950 et
503 1921 657 1952 deiectum
1010 1925 1154 1961 tempera
1179 1923 1352 1959 dulcorem,

292 1967 422 1999 Habens
447 1967 673 2007 adversarium,
1117 1998 1123 2003 ,
1228 2000 1234 2005 ,
1261 1999 1267 2004 ,

339 2013 450 2052 libera,
477 2021 533 2044 rex
557 2014 619 2055 pie,
884 1998 940 2029 46.
966 1997 1048 2035 Iesu,
1073 2006 1127 2036 qm
1153 1998 1342 2051 dominicum

293 2059 359 2091 Nos
384 2068 404 2090 a
429 2059 523 2090 verbo
548 2068 660 2099 aspero
1013 2048 1101 2074 tuum
1124 2044 1305 2098 des‘mffls's}
1326 2093 1332 2099 ,

338 2107 371 2137 in
397 2109 538 2138 extremo
564 2105 624 2138 die·
964 2090 1147 2122 Adventum
1171 2092 1212 2123 ad
1236 2092 1398 2134 1ud1c1um‚

1013 2136 1066 2168 hic
1087 2146 1148 2168 non
1175 2139 1367 2181 praeteristi,

214 2181 269 2213 41.
295 2180 376 2223 Iesu,
403 2180 436 2210 in
457 2179 518 2211 hoc
543 2180 663 2212 cantico
967 2183 1110 2215 Tandem
1136 2192 1206 2215 cum
1229 2185 1396 2218 advenerit

342 2227 510 2258 ostendens
534 2228 764 2266 promovendos
1014 2230 1072 2264 illa
1097 2230 1164 2261 dies
1188 2231 1266 2271 irae,

296 2273 422 2313 effatos,
448 2282 466 2304 e
490 2274 647 2305 contrario
970 2276 1035 2308 Nos
1062 2277 1103 2308 ad
1129 2280 1215 2312 tuam
1241 2278 1402 2312 dexteram

341 2321 481 2359 ingratos
504 2321 691 2362 puniendos,
1015 2324 1165 2364 praecipe
1187 2325 1304 2358 venire.
