1650 2612
154 169 207 202 11.

154 488 206 520 12.

158 803 213 837 13.

156 1122 211 1154 14.

161 1441 210 1472 15.

157 1758 211 1790 16.

161 2084 215 2117 17.

665 75 919 110 —138—

234 170 311 213 Ave,
340 171 425 202 clara
448 171 501 202 lux
527 169 599 208 diei,

237 217 331 249 Casta
356 218 436 249 cella
459 217 547 251 verbi
569 215 640 255 Dei,

284 263 398 295 Salutis
422 263 548 305 fiducia,

235 311 330 349 Quam
356 310 503 350 probavit
523 314 559 341 ut
582 310 732 340 talentum

235 358 277 389 Et
301 357 447 397 purgavit
469 359 503 387 ut
528 359 689 397 argentum

281 402 481 442 Septit'ormis
507 402 619 442 gratia.

233 489 312 526 Ave,
337 487 442 518 lumen
464 488 661 529 populorum,

235 535 298 566 Per
321 542 413 573 quam
439 534 505 565 dies
528 534 709 573 angelorum

282 579 409 611 Nostris
434 579 523 612 fulsit
546 581 655 621 oculis,

235 627 281 659 Ut
307 628 467 666 oppressis
492 636 599 659 somno
624 626 734 658 mortis

232 673 278 705 Et
299 673 416 713 ignaris
441 681 534 705 verae
558 674 651 705 sortis

282 719 471 752 Subveniret
493 720 629 760 populis.

238 805 317 841 Ave,
344 805 383 835 de
407 813 469 843 qua
491 804 546 836 lux
571 806 619 835 est
640 807 716 837 nata

232 851 277 882 Et
301 850 340 881 de
365 850 439 883 Sion
466 851 549 883 salus
575 851 650 883 data

283 897 450 938 Captivato
473 899 601 939 populo,

237 944 322 982 Quae
346 945 477 976 salutem
502 944 630 976 Israelis

235 990 288 1022 Ad
313 990 442 1022 effamen
468 990 625 1023 Gabrielis

283 1036 463 1075 Concepisti
486 1037 622 1069 saeculo.

237 1122 316 1161 Ave,
343 1121 439 1161 virgo,
462 1130 552 1152 mons
577 1122 703 1163 electus,

241 1169 278 1200 In
303 1176 363 1206 quo
387 1167 472 1199 Deus
496 1176 591 1199 carne
614 1171 715 1199 tectus

283 1214 390 1253 Elegit
416 1215 588 1256 quiescere,

236 1260 294 1300 Qui
317 1269 376 1292 neo
401 1261 506 1292 dolum
529 1269 665 1301 unquam
682 1262 758 1303 egit,

235 1308 303 1338 Neo
327 1306 456 1347 pudoris
483 1308 618 1339 claustra
642 1306 749 1350 fregit,

285 1353 360 1385 Cum
380 1355 412 1384 te
435 1353 512 1385 feeit
535 1362 657 1393 parere.

236 1440 315 1477 Ave,
341 1439 425 1470 vitae
449 1439 500 1470 via
522 1442 599 1481 tuta,

236 1486 299 1517 Per
323 1494 413 1524 quam
436 1484 513 1516 mihi
537 1486 683 1518 restituta

282 1531 377 1563 Lucis
399 1535 448 1563 est
470 1532 640 1575 hereditas,

237 1580 299 1611 Per
323 1581 354 1610 te
378 1587 502 1610 servum
528 1580 589 1611 sibi
614 1588 718 1611 carum

235 1625 280 1657 Et
302 1624 451 1657 heredem
474 1634 525 1657 me
548 1627 744 1666 praeclarum

283 1671 344 1703 Dei
370 1672 446 1704 fecit
469 1673 603 1706 bonitas.

235 1757 313 1794 Ave,
341 1757 444 1789 earnis
465 1757 538 1789 labe
563 1767 682 1798 carens,

236 1806 320 1836 Ante
344 1804 444 1836 Deum
469 1814 552 1836 nune
575 1813 732 1844 apparens

284 1850 360 1882 Cum
386 1852 472 1883 omni
495 1851 625 1891 iustitia,

237 1897 371 1929 Fructus
397 1899 474 1938 eius,
501 1907 592 1937 quem
619 1899 745 1938 dedisti,

239 1945 335 1976 Panis
360 1946 437 1986 eius,
462 1953 553 1985 quem
577 1946 706 1985 pavisti,

286 1990 418 2023 Satiaris
442 1992 552 2031 gloria.

240 2085 319 2123 Ave,
345 2093 437 2124 quam
462 2085 512 2117 sol
532 2084 714 2124 illustravit,

239 2130 296 2162 Cui
321 2139 355 2162 se
379 2131 465 2163 Deus
488 2131 654 2163 inclinavit

283 2177 319 2209 In
344 2178 404 2210 hoo
427 2178 535 2210 mundi
561 2187 701 2217 vespere.

234 2225 287 2256 Ad
317 2234 408 2265 quam
432 2226 545 2257 missus
571 2226 611 2258 de
635 2226 761 2258 sublimi

235 2271 285 2303 De
309 2274 342 2303 te
366 2281 490 2304 carnem
515 2272 586 2305 vilis
610 2273 679 2304 limi

281 2318 352 2351 Non
379 2320 566 2359 contempsit
589 2328 721 2354 sumere.

828 170 882 203 18.

828 490 882 521 19.

826 808 882 839 20.

828 1125 883 1156 21.

832 1442 886 1474 22.

832 1760 887 1793 23.

832 2088 887 2119 24.

907 171 986 209 Ave,
1013 179 1138 211 sponsa,
1166 170 1206 203 de
1222 180 1282 211 qua
1299 178 1432 210 sponsus

908 217 1078 256 Tamquam
1103 218 1186 249 nube
1200 219 1247 250 sol
1262 217 1433 250 absconsus

955 264 1040 295 Deus
1063 267 1172 296 noster
1194 265 1326 305 prodiit,

909 310 967 348 Qui
1000 311 1039 342 de
1064 312 1191 343 summis
1217 314 1264 343 est
1289 319 1433 351 egressus

907 356 952 388 Et
969 357 1008 388 ad
1028 367 1178 389 summum
1196 361 1243 389 est
1260 365 1431 398 regressus,

954 404 1032 436 Cum
1057 404 1099 436 ad
1122 408 1246 444 patrem
1270 404 1377 437 rediit.

909 489 986 527 Ave,
1013 488 1099 519 cuius
1125 489 1256 520 salutari

909 534 974 566 Nos
1001 535 1149 566 debemus
1174 535 1337 575 gratulari,

955 581 1015 620 Qui
1039 582 1156 613 salvari
1180 582 1346 621 eredimus,

909 627 1013 667 Salva,
1039 636 1113 668 rege
1138 631 1170 659 et
1192 637 1249 659 nos
1274 628 1359 667 audi,

909 675 976 713 Qua
998 675 1031 706 in
1057 676 1108 707 die
1132 677 1205 706 tuae
1219 675 1317 707 laudi

955 722 1125 753 precantes
1150 721 1333 753 assistimus.

906 807 985 847 Ave,
1011 806 1109 846 virgo,
1133 814 1225 845 quam
1249 806 1372 838 invenit

907 853 1023 884 Puram
1048 853 1134 884 Deus
1159 857 1191 883 et
1214 853 1378 891 praevenit

955 899 1244 939 Benedictionibus,

909 945 1003 977 Cuius
1023 949 1115 985 pater
1140 949 1235 985 eaput
1259 945 1357 977 cinxit

906 992 950 1023 Et
974 994 1099 1024 ornavit
1123 996 1155 1023 et
1180 992 1327 1025 distinxit

955 1039 1112 1071 Virtutum
1138 1039 1308 1079 lapidibus.

909 1125 987 1167 Ave,
1013 1123 1123 1154 mundi
1147 1122 1204 1155 flos
1227 1123 1393 1160 immundi,

909 1170 1008 1201 Terra
1031 1177 1146 1209 parens
1172 1170 1286 1201 vermis
1312 1169 1433 1209 mundi,

955 1216 1032 1248 Nati
1054 1217 1123 1247 siue
1146 1217 1241 1255 coitu,

910 1263 967 1302 Qui
993 1266 1041 1293 est
1065 1262 1167 1294 factus
1192 1263 1241 1293 vir
1264 1263 1417 1302 dolorum,

912 1310 1017 1341 Proba
1041 1318 1152 1348 passus
1176 1309 1364 1342 Iudaeorum

959 1356 995 1387 In
1021 1356 1081 1387 hoo
1106 1357 1210 1387 earnis
1235 1356 1354 1389 habitu.

912 1441 991 1481 Ave,
1018 1440 1116 1480 virgo,
1143 1439 1250 1472 fructu
1276 1440 1362 1472 cuius

910 1486 954 1517 Et
977 1495 1090 1525 sapore
1114 1485 1236 1518 fructus
1262 1486 1353 1518 huius

958 1534 1135 1565 Recreatur
1157 1534 1305 1574 populus,

911 1580 1012 1611 Facta
1035 1580 1125 1621 virga
1148 1579 1257 1612 florem
1285 1581 1400 1622 dando,

912 1627 1050 1659 Mortem
1072 1627 1172 1659 hostis
1197 1627 1363 1668 effugando

958 1674 1058 1706 Facta
1081 1679 1240 1714 tamquam
1266 1675 1407 1709 baculus.

912 1759 990 1801 Ave,
1017 1759 1115 1801 virgo,
1142 1768 1233 1799 quem
1258 1760 1418 1799 quaesisti,

912 1805 1013 1837 Deum
1039 1814 1078 1837 ex
1101 1809 1133 1837 te
1157 1807 1318 1846 protulisti

962 1853 1035 1885 Sine
1062 1853 1165 1885 carnis
1190 1854 1323 1894 macula,

913 1900 972 1938 Qui
997 1908 1054 1931 rex
1078 1903 1200 1940 potens,
1227 1901 1312 1932 Deus
1335 1898 1438 1942 fortiS‚

912 1946 1118 1986 Expugnavit
1142 1955 1246 1987 regem
1272 1948 1383 1979 mortis

961 1994 1080 2025 Nostra
1104 1994 1229 2026 solvens
1254 1994 1390 2025 vincula.

914 2087 992 2125 Ave,
1020 2086 1106 2118 ouius
1128 2087 1205 2118 mihi
1229 2087 1299 2126 pias

916 2133 990 2165 Pius
1014 2132 1100 2164 Deus
1124 2133 1240 2165 stravit
1262 2134 1331 2166 vias

960 2180 1054 2212 Suam
1081 2181 1196 2212 doeens
1221 2181 1374 2222 semitam,

914 2227 973 2265 Qui
997 2230 1029 2257 te
1049 2226 1132 2258 rexit
1156 2226 1333 2268 dirigendo,

914 2274 973 2313 Qui
998 2273 1115 2305 direxit
1138 2275 1171 2304 te
1191 2276 1331 2314 regendo

960 2321 1022 2352 Per
1041 2321 1192 2352 virtutum
1214 2322 1359 2358 orbitam.
