1650 2612
135 223 189 255 47.
219 223 339 254 Horum
364 223 554 267 recordatio,

264 268 346 312 Iesu,
372 272 564 303 armaturam

215 315 297 348 Mihi
322 316 510 349 tolerantiae

262 365 405 405 praestet
428 363 637 407 profuturam,

214 412 251 443 In
277 411 535 452 adversitatibus,

263 466 321 497 age
346 466 446 490 meam
473 467 589 501 curam,

215 504 264 536 Ne
288 503 391 537 factus
417 507 585 547 impatiens

263 553 413 585 excedam
437 562 625 587 mensuram.

213 609 397 642 Molestavit
420 609 574 642 foetidum

262 660 389 695 sputum
413 658 590 689 sanctitatis

213 703 299 734 Tuae
324 712 426 744 nares,
451 703 595 744 Domine,

261 752 296 781 ut
320 759 376 782 nos
403 750 553 783 trinitatis

214 796 365 829 Pasceres
387 800 539 839 aromate,

260 844 351 876 nobis
378 845 538 877 collocatis

213 891 275 923 Per
299 894 331 922 te
354 892 387 923 in
412 890 597 924 florentibus

261 938 403 978 paradisi
427 939 538 978 pratis.

131 610 186 641 48.

749 129 794 163 35

811 225 867 257 49.
894 226 918 257 Ο
944 233 1083 256 summae
1109 224 1298 265 fraglantiao

942 274 974 303 et
999 271 1142 304 caelestis
1169 272 1255 304 chori

891 320 1031 351 Aureum
1056 319 1238 358 turibulum,

939 366 1009 407 tibi,
1034 375 1103 398 meo
1127 364 1209 408 flori,

890 414 996 446 Rosae
1020 422 1109 446 meae
1130 413 1285 454 supplico,

937 461 1015 492 mihi
1040 461 1083 492 sis
1108 460 1208 503 odori,

892 507 1020 539 Sursum
1048 508 1139 540 trahe
1162 507 1318 549 spiritum,

939 563 1008 586 cum
1034 556 1194 594 contingat
1217 555 1307 587 mori.

809 612 863 644 50.
889 612 972 648 Iesu,
998 620 1071 643 rosa
1096 611 1240 652 candida,

937 658 1123 697 rubicunda,
1150 667 1216 700 oro,

888 704 1036 736 Animam
1061 704 1184 736 reficias

937 760 1047 793 meam,
1075 760 1145 784 cum
1169 752 1289 790 laboro,

889 798 927 830 In
951 803 1053 831 morte
1078 799 1159 830 hanc
1184 798 1271 837 eripe

936 854 955 876 a
981 845 1081 877 causis
1108 847 1139 877 et
1163 844 1232 877 foro

892 893 1095 934 Daemonum,
1122 892 1203 923 hanc
1227 892 1331 924 insere

937 940 1118 980 angelorum
1144 939 1248 971 choro.

519 1024 668 1056 Tertia
693 1023 1003 1064 Quinquagena.

129 1088 160 1120 1.
189 1086 316 1119 Gratias
341 1096 399 1128 pro
425 1088 574 1128 lacrimis,

232 1136 315 1175 Iesu,
343 1144 419 1174 quas
446 1134 557 1168 fudisti

186 1180 294 1221 Salsis,
321 1181 419 1221 puris,
447 1182 568 1224 calidis,

234 1227 345 1268 quibus
372 1230 566 1261 commovisti

185 1275 244 1307 Tui
269 1276 369 1315 patris
394 1276 526 1315 viscera,

232 1322 343 1362 quibus
370 1323 480 1355 eruisti

183 1369 239 1402 Me
266 1369 306 1402 de
329 1379 423 1402 manu
448 1368 554 1412 inferi,

234 1417 330 1449 vitam
356 1418 525 1452 contulisti.

126 1476 158 1508 2.
183 1473 267 1516 Iesu,
293 1475 366 1506 tuae
390 1474 541 1506 lacrimae

230 1522 333 1553 salsae
359 1522 436 1554 dent
460 1531 615 1563 saporem,

182 1568 227 1600 Ut
250 1571 285 1600 tu
307 1569 384 1601 mihi
409 1569 527 1611 sapias,

229 1624 329 1655 purae
356 1617 432 1648 dent
457 1618 603 1649 decorem

183 1663 346 1703 Puritatis,
374 1663 497 1696 calidae

229 1711 376 1751 ingerant
402 1711 548 1751 calorem,

182 1757 268 1796 Quae
292 1758 480 1801 accendant,
508 1759 684 1800 vulnerent,

228 1805 379 1837 auferant
403 1808 555 1845 teporem.

122 1865 152 1896 3.
179 1862 227 1896 Ut
250 1865 383 1903 peccata
407 1862 551 1902 defleam,

227 1911 269 1943 ad
294 1919 374 1950 quae
398 1919 486 1942 mens
512 1914 561 1942 est
584 1920 694 1951 prona,

179 1957 225 1991 Ut
248 1959 398 1999 plangam
423 1958 580 1999 exsilium,

227 2009 262 2039 ut
285 2008 416 2038 aeterna
440 2006 523 2038 bona

178 2053 351 2093 Requiram
375 2063 446 2086 cum
471 2054 624 2095 lacrimis,

227 2110 244 2133 ο
270 2102 354 2145 Iesu,
383 2110 499 2134 corona

181 2148 315 2189 Celsior,
342 2152 377 2181 tu
399 2149 507 2182 tribue

225 2196 428 2231 lacrimarum
453 2198 545 2231 dona.

118 2254 149 2286 4.
177 2254 285 2286 Salsas
312 2254 421 2286 confer
443 2254 603 2294 lacrimas,

225 2310 305 2342 quae
331 2302 544 2342 corruptionis

175 2348 352 2389 Expertem
375 2359 425 2382 me
449 2349 578 2391 faciant,

224 2407 244 2429 a
267 2398 453 2437 pollutionis

864 1089 952 1121 Labe
977 1097 1056 1129 pure
1079 1089 1220 1131 abluant,

912 1138 1022 1168 contra
1046 1136 1201 1175 aquilonis

862 1183 977 1222 Frigus
1003 1182 1080 1214 mihi
1104 1182 1251 1215 lacrimas

912 1231 953 1262 da
979 1230 1169 1262 dilectionis

804 1289 836 1319 5.
861 1287 937 1319 lllos
962 1289 1032 1319 tuos
1057 1288 1164 1318 oculos

909 1334 942 1366 in
967 1335 1069 1366 morte
1095 1334 1246 1376 clausisti,

862 1381 980 1419 Quibus
1008 1382 1147 1422 Petrum,
1174 1384 1295 1413 ceteros

910 1429 962 1467 pie
988 1428 1157 1468 respexisti

863 1476 1062 1518 Peccatores,
1090 1476 1238 1508 cordibus

909 1531 1041 1562 quorum
1065 1522 1212 1555 infudisti

859 1569 981 1601 Lumen
1006 1572 1079 1602 tuae
1105 1571 1237 1613 gratiae,

912 1618 1036 1657 culpam
1061 1618 1222 1651 remisisti.

805 1676 837 1709 6.
864 1674 888 1706 O
915 1677 1069 1714 paternae
1093 1675 1214 1715 gloriae

911 1722 1073 1762 splendor,
1100 1731 1159 1761 per
1183 1724 1360 1761 respectum

863 1769 966 1800 Tuum
990 1769 1249 1809 benignissimum

910 1818 1033 1847 animae
1056 1815 1234 1855 profectum

863 1863 1025 1903 operaris,
1052 1867 1196 1904 corporis

909 1910 1056 1943 sublevas
1083 1910 1252 1950 defectum,

861 1959 900 1991 In
923 1962 1057 1998 utroque
1080 1958 1205 1999 respice

907 2016 1010 2038 meum
1031 2004 1262 2045 imperfectum.

802 2065 833 2096 7.
860 2065 963 2096 Verus
989 2064 1037 2095 sol
1060 2063 1212 2104 iustitiae,

908 2114 943 2143 tu
967 2111 1152 2143 interiorem

855 2159 1023 2191 Hominem
1047 2158 1179 2198 irradia,

909 2207 948 2239 da
974 2206 1063 2239 cordi
1087 2205 1244 2239 fervorem

859 2254 1008 2294 Spiritus,
1036 2254 1174 2286 exterius

906 2303 1011 2333 tribue
1036 2301 1174 2342 vigorem

859 2350 1025 2391 Membris,
1051 2349 1184 2382 laudent
1206 2350 1310 2382 omnia

906 2406 996 2430 suum
1023 2400 1207 2430 creatorem.

1197 2450 1238 2480 3*
