1650 2612
161 195 205 227 47

161 583 217 615 48.

210 220 218 227 .
245 196 325 236 Ave,
350 196 384 227 in
410 206 503 237 quam
528 207 646 239 ponere

293 251 381 283 spem
407 246 531 277 exsistit
555 246 679 288 bonum,

244 289 319 321 Tibi
343 291 571 324 adhaerescere

291 338 426 377 gratiale
452 340 577 382 donum,

244 384 303 423 Qui
328 388 360 416 te
385 386 492 418 studet
517 387 630 428 colere,

290 432 400 464 reddis
425 433 605 474 gloriosum,

242 478 377 511 Faciens
402 478 599 521 fragrescere

291 527 374 558 sicut
399 527 638 562 cinnamomum.

243 582 323 623 Ave,
348 582 518 623 perfruitio

290 638 401 662 sacrae
424 631 568 673 legionis,

243 676 345 709 Huius
377 680 443 709 esto
469 679 548 710 tutio

291 726 552 766 congregationis,

244 770 341 803 Cuius
366 772 406 803 ab
431 771 522 804 initio

289 827 364 857 pars
389 819 597 858 possessionis

242 865 297 902 Es,
326 866 367 898 da
391 867 459 898 sine
482 867 559 898 vitio

288 914 372 945 sacri
397 913 459 945 vim
485 914 610 948 amoris,

760 99 829 140 209
878 123 921 129 -

844 202 900 236 49.

845 586 900 619 50.

926 203 1006 242 Ave,
1034 206 1065 233 et
1088 200 1241 231 miracula

972 256 1030 288 per
1054 256 1147 288 quam
1171 246 1257 278 Deus
1282 245 1368 287 fecit,

926 297 989 328 Per
1014 298 1045 325 te
1070 296 1182 325 cuncta
1207 302 1323 325 cornua

973 345 1174 381 peccatorum
1198 339 1304 381 fregit,

924 389 966 421 Et
992 397 1139 427 suprema
1162 387 1317 426 machina,

974 444 1063 475 quam
1090 434 1162 466 faex
1186 432 1358 474 liquefecit,

924 482 1036 513 Mundi
1062 481 1289 513 sustentamina

973 529 1134 560 columnae
1158 528 1306 567 suscepit.

925 587 1003 623 Ave,
1030 584 1183 616 habitatio

972 631 1056 663 facta
1080 631 1257 672 salvatoris,

923 680 986 712 Per
1008 687 1100 718 quam
1126 682 1239 709 cuncta
1263 677 1349 710 natio

971 728 1164 757 sacramento
1187 725 1268 756 roris

922 773 983 805 Est
1006 773 1147 803 accincta
1172 772 1277 811 gladio

970 819 1215 859 praedicationis

924 867 968 899 Et
991 869 1058 898 tota
1081 867 1248 906 plasmatio

971 914 1108 945 hilarata
1133 914 1222 947 votis,

551 990 701 1021 Tertia
726 989 1039 1029 Quinquagena.

207 1079 214 1087 .
240 1056 321 1097 Ave,
344 1056 393 1086 cui
416 1055 515 1087 iubilo

289 1102 394 1134 cordis
420 1103 622 1143 exsultamus,

241 1149 359 1181 Mentis
387 1149 544 1181 desiderio

288 1199 320 1228 te
344 1204 620 1240 praeoccupamus,

240 1244 352 1276 Vocali
376 1243 527 1285 tripudio,

289 1293 325 1322 ut
348 1293 460 1330 tecum,
487 1299 643 1330 rogamus,

242 1337 313 1369 Sint
336 1338 369 1369 in
396 1336 561 1377 refrigerio

289 1394 363 1417 oves
388 1388 461 1416 tuae
486 1394 605 1417 manus.

208 1468 215 1474 .
242 1442 322 1485 Ave,
349 1441 568 1480 sanctimonia,

289 1490 386 1527 salve,
410 1489 599 1529 sanctitudo,

241 1535 354 1576 Effuga
380 1536 554 1575 daemonia,

290 1592 423 1623 quorum
447 1582 616 1614 multitudo

242 1631 386 1670 Occupat
409 1630 534 1670 altaria,

290 1681 322 1709 et
345 1677 530 1717 inquietudo

242 1725 364 1765 Ingerit
387 1725 421 1755 in
446 1725 560 1764 anima,

291 1776 325 1804 ut
350 1772 392 1803 sit
416 1771 564 1804 solitudo.

246 1831 326 1868 Ave,
352 1832 458 1860 terrae
482 1828 595 1868 insula,

295 1877 397 1908 deitas
423 1885 515 1915 quam
537 1875 646 1914 ambit,

242 1924 369 1957 Memor
392 1924 446 1965 sis,
472 1923 555 1963 quod
583 1923 678 1954 ubera

291 1972 420 2005 verbum
444 1974 499 2003 tua
523 1971 646 2008 lambit,

243 2021 340 2054 Unde
363 2018 456 2051 fluxit
480 2018 592 2059 gratia,

290 2068 421 2100 aethera
445 2066 499 2106 qui
523 2065 658 2104 scandit,

243 2116 302 2154 Qui
328 2114 453 2155 spernit
477 2112 639 2152 sculptilia

290 2172 349 2195 nec
373 2161 537 2193 immunda
560 2160 671 2200 tangit.

209 2244 216 2251 .
242 2220 323 2264 Ave,
350 2218 510 2251 mirabilia

292 2277 350 2308 per
376 2276 468 2307 quam
494 2266 581 2298 Deus
607 2264 683 2296 fecit

244 2315 289 2348 Et
310 2314 495 2354 ineffabilia,

290 2372 350 2404 per
375 2365 406 2394 te
428 2362 470 2395 ad
495 2370 552 2394 nos
579 2361 674 2402 venit,

215 2423 252 2446 Dr
262 2428 346 2449 eves.
367 2421 489 2445 Psaltcria
504 2420 658 2450 Rhythmiea.
691 2419 712 2443 Ι.

863 1254 894 1286 5.

920 1055 978 1095 Qui
1003 1057 1051 1086 est
1074 1056 1148 1086 ante
1171 1055 1324 1093 tempora,

967 1110 1025 1141 per
1054 1110 1145 1141 quem
1170 1102 1305 1133 mundus
1331 1101 1440 1139 crevit,

921 1149 989 1181 Nec
1013 1149 1133 1181 habens
1158 1148 1249 1180 initia

968 1205 1006 1227 ex
1030 1200 1062 1228 te
1087 1204 1157 1227 esse
1181 1196 1276 1235 cepit.

919 1254 1000 1293 Ave,
1029 1261 1122 1284 saevo
1149 1252 1278 1283 colubro

968 1309 1048 1339 quae
1072 1299 1189 1339 ingeris
1213 1299 1342 1339 bellum,

921 1348 997 1380 Cum
1025 1347 1182 1378 caelorum
1206 1346 1341 1378 Domino

967 1393 1053 1426 facta
1078 1403 1110 1425 es
1136 1394 1321 1431 scabellum,

922 1442 979 1475 Cui
1007 1441 1091 1473 dulci
1117 1442 1223 1472 osculo

966 1488 1122 1528 imprimis
1146 1488 1305 1527 labellum,

923 1535 1008 1568 fellis
1034 1538 1127 1575 potus
1153 1535 1266 1574 poculo

970 1591 1082 1622 passus
1108 1586 1156 1613 est
1176 1581 1345 1622 flagellum.

923 1641 1004 1675 Ave,
1033 1638 1153 1671 Christi
1178 1646 1315 1678 pascuae

970 1686 1037 1717 ovis
1062 1686 1130 1717 sine
1156 1683 1278 1724 fraude,

925 1734 1020 1766 Cuius
1046 1733 1118 1773 agni
1144 1733 1263 1764 vellere

970 1784 1079 1820 gentes
1106 1779 1280 1812 calefactae

923 1828 1073 1860 Evadunt
1098 1827 1303 1866 providenter

971 1874 1071 1914 frigus
1097 1878 1129 1906 et
1152 1874 1185 1905 in
1210 1874 1305 1906 laude

924 1923 1134 1962 Erumpentes
1159 1922 1297 1953 libenter

974 1970 1083 2002 dicunt
1107 1969 1180 2000 tibi:
1208 1970 1320 2010 gaude.

925 2028 1004 2063 Ave,
1031 2026 1211 2058 innocentia

973 2082 1058 2116 vera,
1083 2073 1218 2106 illibata,

925 2122 985 2154 Dei
1010 2120 1167 2162 sapientia

974 2178 1012 2200 ex
1037 2173 1069 2200 te
1094 2168 1259 2201 incarnata

928 2216 1031 2250 Subiit
1056 2216 1177 2256 exsilia,

974 2264 1030 2296 sed
1055 2265 1256 2296 immaculata

930 2313 999 2352 Via,
1026 2321 1117 2352 quam
1144 2320 1219 2352 gens
1244 2310 1343 2350 impia

975 2360 1098 2400 spernit
1122 2362 1301 2392 excaecata.
