1650 2612
702 99 957 135 —182—

629 194 725 227 Salve,
745 195 837 230 virgo,
857 193 908 221 lux
926 191 1053 228 pudoris,

629 233 722 269 Virga
742 232 856 266 florens,
876 230 930 257 flos
950 229 1064 261 amoris,

629 271 672 297 Te
691 278 741 297 rex
760 278 861 305 regum
880 270 913 294 ut
932 266 1053 302 aspexit,

629 308 696 343 Ipse
714 307 813 334 florem
833 307 886 334 flos
907 305 1017 332 dilexit.

184 366 211 401 3,
232 365 250 395 3
268 368 364 394 Tuum
392 374 490 393 omnes
518 364 689 392 adiuvamen
708 363 763 391 CZ.
789 377 825 382 —
852 360 879 395 3,
898 360 917 388 4
936 361 1101 388 sentiamus
1121 365 1233 394 semper
1253 356 1331 384 BCZ.
1348 370 1387 375 —
1405 354 1432 388 4,
1456 353 1473 381 2

183 406 232 434 Me
251 404 288 432 ad
308 405 419 432 eaelum
437 403 591 439 peregrina
604 402 646 436 U3
669 403 727 429 Fac
747 401 783 428 ad
803 401 877 428 caeli
897 399 1057 435 peregrina,
1072 397 1112 432 V;
1131 396 1191 423 Fac
1210 397 1244 422 ut
1255 394 1356 422 mundi
1369 393 1424 420 BZ.
1439 407 1476 411 -

183 443 210 475 4,
231 440 249 469 3
272 441 333 469 Ubi
357 442 439 477 quies
464 443 509 467 est
530 440 665 475 perennis
692 438 755 465 UV.
784 453 819 458 —
844 437 871 470 4,
892 436 911 464 4
929 437 978 464 Da
1001 435 1101 462 volare
1128 434 1203 461 datis
1231 433 1334 468 pennis
1352 431 1417 458 UV.
1438 445 1474 449 —

187 481 242 509 Str.
265 479 282 507 5
302 480 361 506 und
382 476 399 505 6
419 478 518 505 lauten
537 478 569 503 in
590 478 630 504 A:

215 534 241 563 5.
261 535 355 569 Sal-ve,
376 534 464 561 telius
483 542 543 561 non
563 536 654 566 arata,
887 528 915 557 6.
934 529 1030 563 Salve,
1054 529 1137 563 virgo
1157 526 1302 563 specialis,

261 574 360 609 Virgo,
381 572 478 599 confer
496 571 651 607 postulata,
934 568 1021 601 Fove,
1042 568 1142 599 mater,
1161 565 1220 592 tuis
1241 564 1296 591 alis

262 609 302 639 Ut
320 610 404 637 finita
422 609 575 645 temporali
932 606 981 632 Me
1002 604 1144 640 pupillum
1164 606 1192 630 et
1212 604 1352 637 egentem,

263 649 343 676 Luce
362 647 441 675 fruar
460 646 626 674 immortali.
933 644 968 670 In
990 645 1020 670 te
1038 642 1158 669 multam
1179 649 1260 676 spem
1280 639 1443 667 habentem.

187 715 214 748 7,
234 713 251 741 2
271 715 362 751 Virga
380 713 454 740 Iuda
472 714 502 740 Z.
523 728 559 733 -
580 712 636 739 Str.
656 711 673 738 7
692 712 786 739 lautet
805 711 837 737 in
856 709 944 738 SUV:

633 769 701 801 Ave,
721 767 796 794 Iuda
815 774 913 794 semen
933 765 1050 798 clarum,

631 806 727 838 Aufer,
749 805 835 832 decus
857 803 1027 840 pueilarum,

630 844 678 870 Me
699 842 735 869 de
753 843 829 869 mole
848 842 967 869 leonina

632 881 673 908 Et
691 889 710 908 a
729 880 812 907 fauce
830 878 969 907 belluina.

189 948 216 980 9,
238 946 256 975 2
275 948 366 975 Pasce
385 956 438 974 nos
458 954 570 982 semper
591 949 620 973 et
637 948 707 981 pota
725 946 758 980 B,
779 952 891 980 semper
911 952 963 971 nos
985 946 1013 970 et
1033 942 1062 968 Ζ.
1083 957 1120 961 -
1140 942 1197 970 Str.
1218 939 1235 968 9
1253 942 1284 968 in
1305 941 1375 968 UV:

631 1003 702 1036 Ave,
723 1003 814 1037 virgo,
836 1005 865 1028 et
884 1000 920 1027 de
939 1000 1027 1027 caelis

632 1038 735 1067 Funde
754 1039 848 1073 nobis,
868 1041 955 1073 prout
973 1038 1055 1070 vens,

634 1077 749 1104 Fletum
769 1078 869 1103 vivum
888 1076 1049 1102 animarum

632 1115 706 1142 Plue
724 1114 817 1141 fontes
840 1114 1033 1141 lacrimarum.

191 1170 233 1205 10,
255 1170 272 1198 2
291 1172 374 1206 Vive,
393 1172 485 1206 virgo,
505 1179 613 1198 memor
635 1170 664 1197 O.
685 1183 722 1188 -—
746 1167 788 1203 10,
809 1167 826 1197 3
846 1168 886 1196 Et
905 1171 1050 1196 cantorem
1068 1167 1098 1194 Z.
1117 1181 1156 1185 —
1174 1167 1229 1194 Str.
1253 1164 1287 1193 11
1307 1167 1339 1193 in
1360 1164 1450 1193 CUV:

212 1227 242 1254 C.
262 1229 333 1261 Ave,
353 1228 444 1262 virgo,
466 1235 531 1254 caro
551 1227 633 1253 cuius
858 1224 922 1252 UV.
935 1225 1006 1257 Ave,
1025 1224 1118 1258 virgo,
1139 1230 1213 1258 quae
1233 1223 1264 1248 in
1285 1230 1365 1256 auro,

262 1266 370 1292 Ridens
391 1264 478 1300 dapes
498 1266 577 1291 vitae
596 1263 681 1291 huius
935 1262 1023 1296 Gaza,
1043 1262 1163 1296 gemmis
1184 1263 1213 1288 et
1232 1259 1368 1287 thesauro

263 1303 362 1330 Solum
381 1302 475 1329 Deum
495 1302 661 1336 concupivit
935 1299 1021 1335 Spem
1039 1297 1147 1325 habere
1169 1297 1325 1333 dedignata

261 1341 302 1368 Et
321 1339 442 1367 eundem
461 1348 541 1366 mens
561 1339 661 1365 sitivit.
936 1337 1018 1364 Caeli
1038 1337 1135 1370 regnis
1157 1344 1186 1362 es
1206 1335 1345 1369 praelata

189 1397 244 1425 Str.
267 1394 309 1423 12.
331 1397 392 1423 Ave
410 1397 502 1431 virgo,
523 1402 589 1422 earo
610 1396 691 1422 euius
711 1396 764 1421 ete.
785 1394 846 1429 BZ;
866 1394 899 1420 in
918 1392 1008 1421 SUV:

568 1448 611 1478 12.
631 1452 702 1485 Ave,
723 1451 805 1477 cuius
826 1457 911 1485 super
928 1452 1058 1482 stratum,

632 1489 721 1516 Nullo
740 1489 804 1515 viro
825 1489 1004 1520 temeratum,

634 1525 810 1562 Angelorum
827 1526 894 1552 laus
917 1527 961 1552 est
980 1527 1051 1557 orta,

634 1564 734 1599 Virgo,
755 1571 866 1599 semper
886 1562 986 1589 clausa
1004 1564 1097 1597 porta.

189 1622 245 1649 Str.
268 1620 304 1649 14
323 1622 415 1648 lautet
433 1621 464 1647 in
483 1621 522 1647 A:

568 1674 612 1703 14.
633 1675 729 1709 Salve,
749 1676 843 1712 virgo,
861 1683 962 1709 regum
979 1678 1110 1708 stemma,

634 1714 724 1742 Nulla
737 1715 797 1740 tam
815 1713 966 1749 praeclara
984 1721 1097 1750 gemma

633 1752 713 1779 Inter
733 1759 831 1778 omnes
851 1753 1022 1787 margaritas

633 1790 669 1816 In
689 1797 796 1816 corona
814 1790 870 1817 Dei
889 1790 969 1816 sitas.

188 1844 276 1911 35⁷⁴?-
288 1846 370 1880 Quae
388 1846 505 1881 pudoris
520 1845 604 1874 UVZ.
627 1861 658 1864 —
682 1844 727 1879 15,
739 1844 760 1873 4
781 1847 966 1881 permansisti
978 1847 1042 1875 UV-
1065 1860 1100 1864 -·
1122 1847 1180 1874 Str.
1201 1844 1237 1873 16
1255 1846 1317 1873 und
1331 1844 1364 1873 17
1378 1845 1480 1872 lauteri

199 1928 242 1958 16.
263 1930 356 1965 Salve,
376 1931 468 1965 virgo,
489 1939 524 1957 ae
544 1929 664 1965 dignare
872 1928 915 1958 17.
937 1930 1032 1965 Salve,
1052 1931 1144 1966 virg-0,
1165 1931 1218 1958 flos
1239 1933 1414 1963 sanctorum,

262 1969 322 1996 Nos
343 1969 495 2005 dignanter
514 1968 662 1995 illustrare
936 1968 984 1995 Ex
1001 1972 1030 1997 te
1048 1968 1114 1995 fluit
1131 1969 1194 1996 fons
1216 1968 1373 2002 hortorum,

262 2006 307 2033 De
326 2005 477 2042 splendore
496 2007 540 2032 tui
557 2005 665 2039 vultus,
935 2007 1038 2042 Regna
1056 2008 1133 2042 rigat
1153 2007 1283 2041 orientis,

263 2044 343 2071 Tuae
361 2043 478 2077 formae,
499 2044 543 2069 tui
563 2042 666 2069 cultus.
936 2044 1110 2071 Paradisum
1129 2047 1246 2072 nostrae
1264 2046 1378 2072 mentis.

187 2100 325 2128 Dieselbe
346 2099 401 2127 Str.
426 2097 459 2125 17
479 2099 572 2126 lautet
590 2100 622 2125 in
642 2099 733 2128 SUV:

571 2154 614 2182 17.
633 2156 705 2190 Ave,
725 2157 816 2192 virgo,
837 2157 946 2184 elamor
964 2160 1072 2192 vatum,

633 2194 697 2221 Iam
715 2195 872 2229 praebente
894 2197 924 2222 te
942 2195 1076 2225 ducatum

634 2232 711 2259 Viae
730 2240 811 2259 meae
833 2236 1046 2269 prosperentur,

633 2270 691 2297 Res
712 2269 850 2298 adversae
871 2271 1071 2299 secundentur.

188 2326 230 2373 18,
240 2325 269 2393 S3
262 2327 317 2393 ὑὲ
334 2326 464 2355 bemerkt
483 2328 531 2354 bei
551 2327 668 2354 iubente
692 2326 783 2363 „alias
804 2325 952 2355 rubente“.
974 2342 1008 2346 —
1029 2327 1084 2355 Str.
1106 2325 1142 2355 20
1161 2328 1255 2356 lautet
1273 2330 1305 2356 in
1323 2330 1350 2358 A
1369 2330 1429 2358 und
1443 2329 1478 2359 21

188 2375 220 2393 m
324 2375 332 2393 ε
