1650 2612
673 112 902 147 -43—

137 201 183 235 45,
206 201 223 230 3
243 205 298 231 tibi
318 205 364 231 fac
384 204 417 236 G,
445 206 485 231 sit
503 206 559 232 tibi
579 206 611 233 B.
637 219 672 223 —
696 205 742 240 45,
762 205 781 234 4
800 207 906 234 lectum
925 207 958 234 B.
984 223 1021 227 —
1044 204 1090 237 45,
1111 205 1131 233 4
1150 215 1192 242 sq.
1213 206 1272 233 und
1291 205 1336 239 45,
1358 205 1374 233 6
1395 215 1438 242 sq.

141 241 309 277 umgestellt
327 241 392 269 GH.
414 256 450 260 —
470 240 515 277 45,
537 240 555 269 8
577 251 648 277 opus
669 245 845 279 paenitentis
865 245 898 271 A.
919 259 957 263 —
976 245 1048 272 Hier
1068 244 1181 271 schiebt
1198 245 1225 272 D
1247 245 1306 270 ein:

442 289 530 316 Pater
550 290 766 325 benignissime,
790 293 866 324 nate,
890 299 1003 318 sacrum
1023 290 1136 323 flamen,

441 327 510 353 Mea
530 334 616 362 prece
637 329 762 363 gratiam
782 330 880 362 dones,
901 331 934 355 ut
954 337 1074 356 examen

442 364 585 392 Ultimum
606 366 725 393 terrible
745 365 797 394 fiat
817 366 1004 394 consolamen

444 402 478 429 In
497 403 527 429 vi
550 404 766 431 sacratissimae
787 405 942 440 passionis.
981 401 1087 432 Amen.

138 445 184 480 46,
206 444 223 475 3
244 446 308 475 Tuo
334 448 372 475 da
392 448 430 481 A,
456 449 503 476 Da
527 450 600 477 mihi
619 450 653 476 L.
680 465 716 469 —
739 448 786 484 46,
807 448 824 476 5
853 453 887 477 ut
909 451 981 477 fehlt
1000 452 1034 478 A.
1060 465 1097 469 —
1119 449 1165 484 47,
1187 449 1207 478 4
1232 450 1440 477 consolationis

139 485 261 513 DGHL.
285 500 322 504 —
345 484 390 520 47,
412 484 429 513 5
451 486 545 519 Quam
564 488 610 514 vis
630 488 664 520 A,
686 496 715 515 es
735 488 809 515 fehlt
826 487 858 515 B.
879 503 917 508 —-
936 486 982 522 48,
1004 488 1020 515 7
1041 490 1127 523 teque
1146 489 1203 515 frui
1224 488 1256 520 Β,
1277 487 1391 523 fruique
1410 490 1439 515 te

139 523 202 551 DL.
226 538 265 542 —
287 522 333 557 49,
360 522 377 552 3
402 523 490 551 facies
515 525 549 551 A.
576 538 611 543 ——-
635 523 681 558 49,
706 523 724 552 8
748 533 847 562 regem
875 534 939 552 cum
966 527 1003 560 A,
1031 529 1064 552 ut
1089 534 1206 562 regnem
1231 524 1264 553 G.
1290 539 1325 543 —
1352 523 1396 557 50,
1422 523 1439 551 3

140 560 263 589 Carmen
286 563 318 588 in
339 562 372 598 G,
400 563 541 589 memoria
559 564 593 590 B.
617 576 655 580 —
679 561 723 597 50,
745 561 762 590 6
782 566 811 590 te
832 564 927 598 ipsum
946 564 981 597 A,
1001 565 1032 591 in
1052 563 1136 590 donis
1156 563 1217 591 AG.
1245 576 1281 580 —
1305 562 1329 590 B
1350 563 1441 599 hiingt

139 599 216 625 noch
238 599 374 635 folgende
394 597 520 635 Strophe
539 605 591 627 an:

445 647 541 674 Amen
563 647 643 674 dieat
661 647 782 676 caelitus
806 647 911 674 chorus
931 648 1100 683 angelorum

443 684 635 720 Obstrepente
655 686 751 711 cetera
771 684 857 712 turba
874 692 1073 719 supernorum,

442 719 482 747 Et
502 730 555 749 nos
577 722 623 749 eia
641 721 749 756 iugiter
769 723 805 749 ad
826 722 927 748 laudes
947 723 1077 757 ipsorum

442 758 637 786 Decantemus
657 760 774 794 pariter,
796 760 859 787 laus
880 760 923 786 sic
942 760 1101 786 beatorum.

139 804 162 831 B
178 803 322 831 bemerkt:
346 803 501 840 „Sequitur
520 806 656 841 planctus
678 807 773 833 sancti
787 806 950 834 Bernhardi
971 803 1114 837 abhatis“,
1135 814 1195 833 von
1214 805 1334 833 anderer
1353 806 1442 833 Hand

140 849 211 877 „seu
223 849 346 877 granum
359 843 506 878 passionis
514 840 668 879 Domini“;
685 841 819 871 f01.80h:
836 844 985 878 „Explicit
997 851 1119 879 granum
1135 842 1439 878 passionisDomini‘';

139 878 180 907 E:
213 879 352 914 „Florida
371 882 535 915 compassio
561 882 640 909 beati
660 878 852 915 Bernhardi“;
879 881 915 908 F:
937 881 1191 917 „Experimentum
1212 881 1366 916 probatum
1387 884 1439 908 est.

139 917 172 945 Si
199 918 264 952 quis
293 918 380 946 huius
405 918 536 953 psalterii
564 919 600 947 de
619 920 756 954 passione
775 920 896 946 Domini
916 921 974 946 tres
996 919 1229 954 quinquagenas,
1256 918 1332 953 qued
1353 920 1441 945 etiam

139 962 262 991 granum
283 955 446 983 devotionis
467 956 583 989 dicitur,
605 957 740 984 omnibus
762 957 851 984 sextis
871 956 951 983 feriis
973 963 1069 984 coram
1090 955 1225 983 crucifixo
1247 964 1298 990 per
1318 956 1440 991 quadra-

138 993 280 1028 gesimam
301 993 404 1020 devote
418 993 526 1020 dixerit
538 996 569 1021 in
585 994 695 1021 honore
707 995 853 1030 passionis
868 994 996 1025 Domini,
1016 994 1125 1028 absque
1140 994 1226 1021 dubio
1242 994 1440 1020 visitationem

141 1031 171 1057 et
188 1030 444 1064 illuminationem,
467 1033 593 1066 gratiam
614 1034 644 1058 et
663 1032 893 1059 consolationem
912 1033 1006 1059 sancti
1020 1032 1140 1066 spiritus
1154 1033 1261 1059 sentiet
1275 1033 1304 1057 et
1315 1032 1441 1066 gratiam

140 1067 363 1095 saluberrimam
393 1069 624 1104 compunctionis
655 1071 684 1095 et
712 1069 923 1105 indulgentiam
947 1071 1131 1104 peccatorum
1156 1071 1356 1104 consequetur.
1401 1068 1443 1095 Et

140 1107 171 1132 in
196 1105 302 1133 ultima
324 1106 399 1133 hora
417 1108 519 1133 mortis
539 1107 628 1134 huius
648 1108 834 1142 praeeipuam
854 1107 978 1142 gratiam
999 1106 1163 1133 merebitur.
1203 1106 1243 1133 Et
1262 1113 1333 1133 sano
1354 1114 1441 1133 sensu

141 1144 169 1170 et
193 1143 272 1170 bona
295 1145 409 1171 ratione
434 1145 465 1170 in
491 1143 560 1177 fide,
587 1152 639 1179 spe
660 1147 689 1171 et
712 1146 833 1172 caritate
857 1145 887 1170 in
913 1145 1043 1171 oratione
1066 1145 1178 1178 positus
1207 1151 1316 1171 memor
1339 1145 1441 1170 mortis

140 1180 251 1208 Christi
275 1181 312 1208 ad
338 1182 431 1208 instar
456 1180 512 1208 filii
536 1183 594 1209 Dei
619 1183 746 1208 animam
772 1189 854 1209 suam
880 1182 911 1208 in
940 1189 1043 1209 manus
1068 1183 1160 1216 patris
1185 1181 1388 1209 commendans
1414 1183 1442 1208 et

139 1220 224 1247 beato
250 1218 308 1246 fine
333 1228 368 1246 ex
392 1218 448 1246 hoc
473 1220 578 1247 mundo
604 1221 749 1247 transiens
774 1220 898 1247 feliciter
920 1216 1091 1253 morietur“;
1113 1219 1152 1246 N:
1175 1219 1301 1254 „Incipit
1318 1227 1440 1253 granum

142 1257 305 1284 devotionis
331 1257 412 1284 beati
434 1257 598 1285 Bernhardi
622 1257 738 1284 abbatis
759 1258 926 1285 distinctum
951 1259 982 1284 in
1003 1259 1061 1284 tres
1085 1253 1310 1292 quadragenas.“
1350 1257 1440 1284 Diese

140 1293 200 1321 und
221 1294 269 1321 die
294 1294 422 1322 anderen
435 1294 613 1331 Tegernseer
627 1294 695 1322 Hss.
716 1294 893 1322 bezeichnen
914 1295 1038 1330 Strophe
1056 1294 1072 1321 1
1095 1293 1108 1321 1
1130 1294 1174 1321 als
1197 1292 1383 1330 „Prolegusst
1404 1309 1441 1312 —

140 1332 167 1360 V
186 1332 356 1360 bezeichnet
375 1332 431 1359 den
450 1333 565 1360 Psalter
584 1332 634 1360 fol.
656 1330 692 1359 96
712 1333 739 1360 b.
761 1333 805 1360 als
828 1332 996 1368 „Meditatio
1015 1332 1146 1359 Anselmi
1167 1332 1203 1359 de
1221 1330 1384 1368 passione“.

142 1369 208 1404 Vgl.
230 1369 383 1403 Ham-(tau,
409 1370 470 1397 Des
490 1370 607 1406 poemes
626 1370 716 1397 latins
739 1369 880 1398 attribues
903 1368 921 1397 ὲ.
940 1369 1025 1397 Saint
1038 1370 1179 1400 Bel-nard,
1206 1379 1233 1405 p.
1254 1368 1291 1395 75
1312 1377 1373 1405 sqq.
1406 1370 1442 1397 In

141 1408 226 1435 einen
249 1408 480 1435 besohtimenden
500 1409 606 1436 Irrtum
628 1408 748 1435 verfiillt
766 1406 915 1441 Haureau,
936 1417 1020 1435 wenn
1042 1416 1073 1434 er
1093 1405 1122 1436 S.
1143 1406 1178 1434 79
1198 1409 1302 1435 meint:
1329 1407 1358 1434 le
1378 1416 1440 1443 per-

140 1453 321 1482 personnage
347 1454 404 1482 que
423 1445 451 1473 le
473 1446 558 1482 poete
577 1448 637 1473 met
657 1454 693 1473 en
714 1445 807 1480 scene,
828 1445 989 1480 gemissant
1010 1454 1048 1473 ou
1067 1446 1178 1480 priant,
1206 1445 1303 1481 parait
1322 1445 1382 1472 &tre
1401 1454 1441 1471 un

140 1484 197 1516 roi,
223 1492 282 1511 non
307 1492 360 1519 pas
386 1492 426 1510 un
445 1485 556 1517 moine,
583 1484 642 1512 und
662 1492 727 1510 zum
748 1485 879 1511 Beweise
898 1483 945 1511 die
965 1483 1225 1510 missverstandene
1245 1482 1368 1517 Strophe
1388 1483 1441 1514 ΠΙ,

140 1519 178 1547 24
198 1521 323 1548 anfiihrt.
340 1536 376 1540 —
398 1522 502 1549 Dieses
515 1522 691 1549 Psalterium
711 1520 800 1549 findet
820 1521 882 1548 sich
904 1521 1067 1557 gleichfalls
1087 1521 1118 1547 in
1132 1520 1212 1548 Orat.
1233 1529 1284 1548 ms.
1307 1528 1382 1547 saec.
1400 1519 1442 1547 15.

141 1558 211 1587 Cod.
232 1559 399 1587 Bruxellen.
424 1557 585 1587 4588—91.
610 1574 647 1577 —
672 1559 752 1586 Orat.
778 1568 829 1587 ms.
854 1560 964 1586 Montis
991 1558 1019 1586 S.
1045 1558 1163 1595 Georgii
1190 1557 1246 1593 (ap.
1268 1558 1443 1592 Goslariam)

140 1598 210 1624 anni
234 1595 314 1624 1464.
354 1596 423 1624 Ood.
446 1597 700 1632 Guelfenbyteran.
722 1597 819 1625 Helm.
843 1594 923 1624 1391.
