<?xml version="1.0" encoding="UTF-8"?>
<!DOCTYPE html PUBLIC "-//W3C//DTD XHTML 1.0 Transitional//EN"
    "http://www.w3.org/TR/xhtml1/DTD/xhtml1-transitional.dtd">
<html xmlns="http://www.w3.org/1999/xhtml" xml:lang="en" lang="en">
 <head>
  <title>
</title>
<meta http-equiv="Content-Type" content="text/html;charset=utf-8" />
  <meta name='ocr-system' content='tesseract 3.04.00' />
  <meta name='ocr-capabilities' content='ocr_page ocr_carea ocr_par ocr_line ocrx_word'/>
</head>
<body>
  <div class='ocr_page' id='page_1' title='image "./analectahymnica35drevuoft_00211.png"; bbox 0 0 1650 2612; ppageno 0'>
   <div class='ocr_carea' id='block_1_1' title="bbox 209 201 264 232">
    <p class='ocr_par' dir='ltr' id='par_1_1' title="bbox 209 201 264 232">
     <span class='ocr_line' id='line_1_1' title="bbox 209 201 264 232; baseline -0.018 0"><span class='ocrx_word' id='word_1_1' title='bbox 209 201 264 232; x_wconf 85' lang='lat'>36.</span> 
     </span>
    </p>
   </div>
   <div class='ocr_carea' id='block_1_2' title="bbox 207 604 261 634">
    <p class='ocr_par' dir='ltr' id='par_1_2' title="bbox 207 604 261 634">
     <span class='ocr_line' id='line_1_2' title="bbox 207 604 261 634; baseline -0.019 0"><span class='ocrx_word' id='word_1_2' title='bbox 207 604 261 634; x_wconf 87' lang='lat'>37.</span> 
     </span>
    </p>
   </div>
   <div class='ocr_carea' id='block_1_3' title="bbox 208 1006 260 1037">
    <p class='ocr_par' dir='ltr' id='par_1_3' title="bbox 208 1006 260 1037">
     <span class='ocr_line' id='line_1_3' title="bbox 208 1006 260 1037; baseline 0 0"><span class='ocrx_word' id='word_1_3' title='bbox 208 1006 260 1037; x_wconf 88' lang='lat'>38.</span> 
     </span>
    </p>
   </div>
   <div class='ocr_carea' id='block_1_4' title="bbox 210 1407 264 1438">
    <p class='ocr_par' dir='ltr' id='par_1_4' title="bbox 210 1407 264 1438">
     <span class='ocr_line' id='line_1_4' title="bbox 210 1407 264 1438; baseline 0 0"><span class='ocrx_word' id='word_1_4' title='bbox 210 1407 264 1438; x_wconf 87' lang='lat'>39.</span> 
     </span>
    </p>
   </div>
   <div class='ocr_carea' id='block_1_5' title="bbox 209 1811 265 1842">
    <p class='ocr_par' dir='ltr' id='par_1_5' title="bbox 209 1811 265 1842">
     <span class='ocr_line' id='line_1_5' title="bbox 209 1811 265 1842; baseline 0 -1"><span class='ocrx_word' id='word_1_5' title='bbox 209 1811 265 1842; x_wconf 85' lang='lat'>40.</span> 
     </span>
    </p>
   </div>
   <div class='ocr_carea' id='block_1_6' title="bbox 211 2215 265 2246">
    <p class='ocr_par' dir='ltr' id='par_1_6' title="bbox 211 2215 265 2246">
     <span class='ocr_line' id='line_1_6' title="bbox 211 2215 265 2246; baseline 0 0"><span class='ocrx_word' id='word_1_6' title='bbox 211 2215 265 2246; x_wconf 90' lang='lat'>41.</span> 
     </span>
    </p>
   </div>
   <div class='ocr_carea' id='block_1_7' title="bbox 288 200 715 559">
    <p class='ocr_par' dir='ltr' id='par_1_7' title="bbox 290 200 696 288">
     <span class='ocr_line' id='line_1_7' title="bbox 290 200 696 241; baseline -0.002 -10"><span class='ocrx_word' id='word_1_7' title='bbox 290 201 369 239; x_wconf 86' lang='lat' dir='ltr'>Ave,</span> <span class='ocrx_word' id='word_1_8' title='bbox 396 209 476 241; x_wconf 86' lang='lat' dir='ltr'>quae</span> <span class='ocrx_word' id='word_1_9' title='bbox 499 201 537 231; x_wconf 90' lang='lat' dir='ltr'>ab</span> <span class='ocrx_word' id='word_1_10' title='bbox 563 200 696 232; x_wconf 89' lang='lat' dir='ltr'>hostium</span> 
     </span>
     <span class='ocr_line' id='line_1_8' title="bbox 336 248 569 288; baseline -0.004 -9"><span class='ocrx_word' id='word_1_11' title='bbox 336 248 432 288; x_wconf 83' lang='lat' dir='ltr'>eripis</span> <span class='ocrx_word' id='word_1_12' title='bbox 456 248 569 279; x_wconf 86' lang='lat' dir='ltr'>timore</span> 
     </span>
    </p>

    <p class='ocr_par' dir='ltr' id='par_1_8' title="bbox 290 293 632 380">
     <span class='ocr_line' id='line_1_9' title="bbox 290 293 542 326; baseline -0.008 0"><span class='ocrx_word' id='word_1_13' title='bbox 290 295 326 326; x_wconf 89' lang='lat' dir='ltr'>In</span> <span class='ocrx_word' id='word_1_14' title='bbox 355 294 462 326; x_wconf 87' lang='lat' dir='ltr'>dilecti</span> <span class='ocrx_word' id='word_1_15' title='bbox 486 293 542 326; x_wconf 93' lang='lat' dir='ltr'>filii</span> 
     </span>
     <span class='ocr_line' id='line_1_10' title="bbox 336 340 632 380; baseline -0.003 -8"><span class='ocrx_word' id='word_1_16' title='bbox 336 340 493 373; x_wconf 83' lang='lat' dir='ltr'>ferventes</span> <span class='ocrx_word' id='word_1_17' title='bbox 518 349 632 380; x_wconf 86' lang='lat' dir='ltr'>amore,</span> 
     </span>
    </p>

    <p class='ocr_par' dir='ltr' id='par_1_9' title="bbox 289 387 647 473">
     <span class='ocr_line' id='line_1_11' title="bbox 289 387 632 426; baseline -0.006 -7"><span class='ocrx_word' id='word_1_18' title='bbox 289 387 346 425; x_wconf 78' lang='lat' dir='ltr'>Qui</span> <span class='ocrx_word' id='word_1_19' title='bbox 370 387 539 426; x_wconf 87' lang='lat' dir='ltr'>spernendi</span> <span class='ocrx_word' id='word_1_20' title='bbox 565 387 632 418; x_wconf 89' lang='lat' dir='ltr'>vitii</span> 
     </span>
     <span class='ocr_line' id='line_1_12' title="bbox 337 434 647 473; baseline 0.006 -8"><span class='ocrx_word' id='word_1_21' title='bbox 337 437 460 466; x_wconf 87' lang='lat' dir='ltr'>certant</span> <span class='ocrx_word' id='word_1_22' title='bbox 482 434 514 465; x_wconf 90' lang='lat' dir='ltr'>in</span> <span class='ocrx_word' id='word_1_23' title='bbox 539 442 647 473; x_wconf 86' lang='lat' dir='ltr'>agone.</span> 
     </span>
    </p>

    <p class='ocr_par' dir='ltr' id='par_1_10' title="bbox 288 481 715 559">
     <span class='ocr_line' id='line_1_13' title="bbox 288 481 715 520; baseline -0.007 -7"><span class='ocrx_word' id='word_1_24' title='bbox 288 481 333 513; x_wconf 88' lang='lat' dir='ltr'>Ut</span> <span class='ocrx_word' id='word_1_25' title='bbox 356 483 535 513; x_wconf 80' lang='lat' dir='ltr'>sanctoruni</span> <span class='ocrx_word' id='word_1_26' title='bbox 559 481 715 520; x_wconf 79' lang='lat' dir='ltr'><strong>gaudeant</strong></span> 
     </span>
     <span class='ocr_line' id='line_1_14' title="bbox 335 531 661 559; baseline 0 -1"><span class='ocrx_word' id='word_1_27' title='bbox 335 531 494 559; x_wconf 80' lang='lat' dir='ltr'><strong>consortes</strong></span> <span class='ocrx_word' id='word_1_28' title='bbox 519 536 661 559; x_wconf 87' lang='lat' dir='ltr'>coronae.</span> 
     </span>
    </p>
   </div>
   <div class='ocr_carea' id='block_1_8' title="bbox 288 602 776 971">
    <p class='ocr_par' dir='ltr' id='par_1_11' title="bbox 288 602 776 971">
     <span class='ocr_line' id='line_1_15' title="bbox 288 602 567 643; baseline 0 -10"><span class='ocrx_word' id='word_1_29' title='bbox 288 604 367 643; x_wconf 82' lang='lat' dir='ltr'>Ave,</span> <span class='ocrx_word' id='word_1_30' title='bbox 393 602 467 634; x_wconf 87' lang='lat' dir='ltr'>Sion</span> <span class='ocrx_word' id='word_1_31' title='bbox 492 602 567 642; x_wconf 86' lang='lat' dir='ltr'>filia,</span> 
     </span>
     <span class='ocr_line' id='line_1_16' title="bbox 337 649 776 689; baseline 0 -9"><span class='ocrx_word' id='word_1_32' title='bbox 337 658 427 689; x_wconf 88' lang='lat' dir='ltr'>quam</span> <span class='ocrx_word' id='word_1_33' title='bbox 452 649 520 680; x_wconf 90' lang='lat' dir='ltr'>laus</span> <span class='ocrx_word' id='word_1_34' title='bbox 545 649 635 680; x_wconf 86' lang='lat' dir='ltr'>decet</span> <span class='ocrx_word' id='word_1_35' title='bbox 659 649 776 689; x_wconf 82' lang='lat' dir='ltr'>hymni,</span> 
     </span>
     <span class='ocr_line' id='line_1_17' title="bbox 289 696 650 727; baseline -0.003 0"><span class='ocrx_word' id='word_1_36' title='bbox 289 697 336 727; x_wconf 83' lang='lat' dir='ltr'>Te</span> <span class='ocrx_word' id='word_1_37' title='bbox 359 702 538 727; x_wconf 85' lang='lat' dir='ltr'>sanctorum</span> <span class='ocrx_word' id='word_1_38' title='bbox 561 696 650 727; x_wconf 81' lang='lat' dir='ltr'>milia</span> 
     </span>
     <span class='ocr_line' id='line_1_18' title="bbox 337 743 725 785; baseline 0.003 -12"><span class='ocrx_word' id='word_1_39' title='bbox 337 743 468 775; x_wconf 86' lang='lat' dir='ltr'>laudant</span> <span class='ocrx_word' id='word_1_40' title='bbox 491 752 561 774; x_wconf 88' lang='lat' dir='ltr'>nam</span> <span class='ocrx_word' id='word_1_41' title='bbox 589 743 725 785; x_wconf 85' lang='lat' dir='ltr'>benigni,</span> 
     </span>
     <span class='ocr_line' id='line_1_19' title="bbox 291 789 705 821; baseline 0.002 -1"><span class='ocrx_word' id='word_1_42' title='bbox 291 789 368 821; x_wconf 87' lang='lat' dir='ltr'>Sunt</span> <span class='ocrx_word' id='word_1_43' title='bbox 393 790 493 821; x_wconf 89' lang='lat' dir='ltr'>solum</span> <span class='ocrx_word' id='word_1_44' title='bbox 518 790 649 821; x_wconf 88' lang='lat' dir='ltr'>laudare</span> <span class='ocrx_word' id='word_1_45' title='bbox 672 792 705 821; x_wconf 92' lang='lat' dir='ltr'>te</span> 
     </span>
     <span class='ocr_line' id='line_1_20' title="bbox 336 836 660 876; baseline 0.003 -9"><span class='ocrx_word' id='word_1_46' title='bbox 336 837 366 867; x_wconf 94' lang='lat' dir='ltr'>in</span> <span class='ocrx_word' id='word_1_47' title='bbox 393 837 451 868; x_wconf 87' lang='lat' dir='ltr'>hac</span> <span class='ocrx_word' id='word_1_48' title='bbox 476 836 540 868; x_wconf 86' lang='lat' dir='ltr'>vita</span> <span class='ocrx_word' id='word_1_49' title='bbox 566 837 660 876; x_wconf 88' lang='lat' dir='ltr'>digni,</span> 
     </span>
     <span class='ocr_line' id='line_1_21' title="bbox 290 883 666 923; baseline 0 -9"><span class='ocrx_word' id='word_1_50' title='bbox 290 883 441 922; x_wconf 42' lang='lat' dir='ltr'>Protequi</span> <span class='ocrx_word' id='word_1_51' title='bbox 464 892 540 922; x_wconf 86' lang='lat' dir='ltr'>quos</span> <span class='ocrx_word' id='word_1_52' title='bbox 564 884 666 923; x_wconf 88' lang='lat' dir='ltr'>gratia</span> 
     </span>
     <span class='ocr_line' id='line_1_22' title="bbox 337 930 603 971; baseline 0.008 -10"><span class='ocrx_word' id='word_1_53' title='bbox 337 931 454 962; x_wconf 80' lang='lat' dir='ltr'>assoles</span> <span class='ocrx_word' id='word_1_54' title='bbox 478 930 603 971; x_wconf 85' lang='lat' dir='ltr'>insigni.</span> 
     </span>
    </p>
   </div>
   <div class='ocr_carea' id='block_1_9' title="bbox 289 1005 673 1188">
    <p class='ocr_par' dir='ltr' id='par_1_12' title="bbox 289 1005 673 1095">
     <span class='ocr_line' id='line_1_23' title="bbox 289 1005 621 1044; baseline 0 -8"><span class='ocrx_word' id='word_1_55' title='bbox 289 1006 366 1044; x_wconf 90' lang='lat' dir='ltr'>Ave,</span> <span class='ocrx_word' id='word_1_56' title='bbox 395 1005 480 1036; x_wconf 88' lang='lat' dir='ltr'>cuius</span> <span class='ocrx_word' id='word_1_57' title='bbox 506 1006 621 1036; x_wconf 90' lang='lat' dir='ltr'>nomini</span> 
     </span>
     <span class='ocr_line' id='line_1_24' title="bbox 335 1052 673 1095; baseline 0.006 -13"><span class='ocrx_word' id='word_1_58' title='bbox 335 1055 420 1083; x_wconf 84' lang='lat' dir='ltr'>terra</span> <span class='ocrx_word' id='word_1_59' title='bbox 442 1052 574 1090; x_wconf 76' lang='lat' dir='ltr'>plaudat</span> <span class='ocrx_word' id='word_1_60' title='bbox 598 1055 673 1095; x_wconf 89' lang='lat' dir='ltr'>tota,</span> 
     </span>
    </p>

    <p class='ocr_par' dir='ltr' id='par_1_13' title="bbox 289 1098 605 1188">
     <span class='ocr_line' id='line_1_25' title="bbox 289 1098 569 1130; baseline 0 -1"><span class='ocrx_word' id='word_1_61' title='bbox 289 1098 346 1129; x_wconf 90' lang='lat' dir='ltr'>Tui</span> <span class='ocrx_word' id='word_1_62' title='bbox 372 1099 569 1130; x_wconf 82' lang='lat' dir='ltr'>sanctimonii</span> 
     </span>
     <span class='ocr_line' id='line_1_26' title="bbox 338 1145 605 1188; baseline 0.004 -12"><span class='ocrx_word' id='word_1_63' title='bbox 338 1145 490 1185; x_wconf 70' lang='lat' dir='ltr'>dignitate</span> <span class='ocrx_word' id='word_1_64' title='bbox 513 1149 605 1188; x_wconf 83' lang='lat' dir='ltr'>mota,</span> 
     </span>
    </p>
   </div>
   <div class='ocr_carea' id='block_1_10' title="bbox 292 1191 809 1234">
    <p class='ocr_par' dir='ltr' id='par_1_14' title="bbox 292 1191 809 1234">
     <span class='ocr_line' id='line_1_27' title="bbox 292 1191 809 1234; baseline 0.004 -11"><span class='ocrx_word' id='word_1_65' title='bbox 292 1191 363 1233; x_wconf 85' lang='lat' dir='ltr'>Sed,</span> <span class='ocrx_word' id='word_1_66' title='bbox 391 1201 470 1231; x_wconf 84' lang='lat' dir='ltr'>quae</span> <span class='ocrx_word' id='word_1_67' title='bbox 486 1201 547 1223; x_wconf 92' lang='lat' dir='ltr'>non</span> <span class='ocrx_word' id='word_1_68' title='bbox 564 1193 632 1223; x_wconf 88' lang='lat' dir='ltr'>vult</span> <span class='ocrx_word' id='word_1_69' title='bbox 647 1194 809 1234; x_wconf 80' lang='lat' dir='ltr'>plaudere,</span> 
     </span>
    </p>
   </div>
   <div class='ocr_carea' id='block_1_11' title="bbox 292 1239 638 1372">
    <p class='ocr_par' dir='ltr' id='par_1_15' title="bbox 292 1239 638 1372">
     <span class='ocr_line' id='line_1_28' title="bbox 339 1239 638 1270; baseline 0.003 -1"><span class='ocrx_word' id='word_1_70' title='bbox 339 1247 465 1270; x_wconf 90' lang='lat' dir='ltr'>manens</span> <span class='ocrx_word' id='word_1_71' title='bbox 490 1239 638 1270; x_wconf 84' lang='lat' dir='ltr'>indevota</span> 
     </span>
     <span class='ocr_line' id='line_1_29' title="bbox 292 1285 622 1322; baseline 0 -6"><span class='ocrx_word' id='word_1_72' title='bbox 292 1285 353 1322; x_wconf 85' lang='lat' dir='ltr'>Sic,</span> <span class='ocrx_word' id='word_1_73' title='bbox 380 1289 415 1316; x_wconf 89' lang='lat' dir='ltr'>ut</span> <span class='ocrx_word' id='word_1_74' title='bbox 437 1285 485 1316; x_wconf 86' lang='lat' dir='ltr'>ira</span> <span class='ocrx_word' id='word_1_75' title='bbox 509 1286 622 1317; x_wconf 91' lang='lat' dir='ltr'>iudicis</span> 
     </span>
     <span class='ocr_line' id='line_1_30' title="bbox 337 1335 624 1372; baseline 0.01 -10"><span class='ocrx_word' id='word_1_76' title='bbox 337 1335 524 1372; x_wconf 83' lang='lat' dir='ltr'>aspernatur</span> <span class='ocrx_word' id='word_1_77' title='bbox 549 1336 624 1365; x_wconf 84' lang='lat' dir='ltr'>tota.</span> 
     </span>
    </p>
   </div>
   <div class='ocr_carea' id='block_1_12' title="bbox 290 1406 655 1767">
    <p class='ocr_par' dir='ltr' id='par_1_16' title="bbox 290 1406 655 1767">
     <span class='ocr_line' id='line_1_31' title="bbox 291 1406 607 1445; baseline 0.003 -8"><span class='ocrx_word' id='word_1_78' title='bbox 291 1407 369 1445; x_wconf 86' lang='lat' dir='ltr'>Ave,</span> <span class='ocrx_word' id='word_1_79' title='bbox 396 1416 413 1438; x_wconf 94' lang='lat'>0</span> <span class='ocrx_word' id='word_1_80' title='bbox 438 1406 607 1438; x_wconf 88' lang='lat' dir='ltr'>triclinium</span> 
     </span>
     <span class='ocr_line' id='line_1_32' title="bbox 337 1454 644 1497; baseline 0.003 -13"><span class='ocrx_word' id='word_1_81' title='bbox 337 1456 464 1484; x_wconf 80' lang='lat' dir='ltr'>sanctae</span> <span class='ocrx_word' id='word_1_82' title='bbox 486 1454 644 1497; x_wconf 73' lang='lat' dir='ltr'>trinitatis,</span> 
     </span>
     <span class='ocr_line' id='line_1_33' title="bbox 290 1499 600 1542; baseline 0.003 -12"><span class='ocrx_word' id='word_1_83' title='bbox 290 1499 388 1531; x_wconf 89' lang='lat' dir='ltr'>Tuum</span> <span class='ocrx_word' id='word_1_84' title='bbox 414 1508 469 1531; x_wconf 88' lang='lat' dir='ltr'>ora</span> <span class='ocrx_word' id='word_1_85' title='bbox 495 1499 600 1542; x_wconf 86' lang='lat' dir='ltr'>filium,</span> 
     </span>
     <span class='ocr_line' id='line_1_34' title="bbox 338 1549 655 1586; baseline 0.003 -8"><span class='ocrx_word' id='word_1_86' title='bbox 338 1550 371 1578; x_wconf 84' lang='lat' dir='ltr'>ut</span> <span class='ocrx_word' id='word_1_87' title='bbox 394 1555 450 1578; x_wconf 88' lang='lat' dir='ltr'>nos</span> <span class='ocrx_word' id='word_1_88' title='bbox 475 1556 494 1578; x_wconf 89' lang='lat' dir='ltr'>a</span> <span class='ocrx_word' id='word_1_89' title='bbox 518 1549 655 1586; x_wconf 83' lang='lat' dir='ltr'>peccatis</span> 
     </span>
     <span class='ocr_line' id='line_1_35' title="bbox 290 1593 645 1633; baseline 0.006 -9"><span class='ocrx_word' id='word_1_90' title='bbox 290 1593 421 1625; x_wconf 84' lang='lat' dir='ltr'>Solvens</span> <span class='ocrx_word' id='word_1_91' title='bbox 445 1595 645 1633; x_wconf 70' lang='lat' dir='ltr'>participium</span> 
     </span>
     <span class='ocr_line' id='line_1_36' title="bbox 338 1641 607 1680; baseline 0 -8"><span class='ocrx_word' id='word_1_92' title='bbox 338 1641 432 1672; x_wconf 85' lang='lat' dir='ltr'>donet</span> <span class='ocrx_word' id='word_1_93' title='bbox 458 1641 607 1680; x_wconf 87' lang='lat' dir='ltr'>caritatis,</span> 
     </span>
     <span class='ocr_line' id='line_1_37' title="bbox 291 1688 651 1720; baseline 0.003 -2"><span class='ocrx_word' id='word_1_94' title='bbox 291 1688 415 1719; x_wconf 86' lang='lat' dir='ltr'>Ducens</span> <span class='ocrx_word' id='word_1_95' title='bbox 440 1688 481 1719; x_wconf 84' lang='lat' dir='ltr'>ad</span> <span class='ocrx_word' id='word_1_96' title='bbox 505 1688 651 1720; x_wconf 90' lang='lat' dir='ltr'>intuitum</span> 
     </span>
     <span class='ocr_line' id='line_1_38' title="bbox 335 1735 597 1767; baseline 0.008 -2"><span class='ocrx_word' id='word_1_97' title='bbox 335 1744 410 1766; x_wconf 89' lang='lat' dir='ltr'>suae</span> <span class='ocrx_word' id='word_1_98' title='bbox 434 1735 597 1767; x_wconf 77' lang='lat' dir='ltr'>claritatis.</span> 
     </span>
    </p>
   </div>
   <div class='ocr_carea' id='block_1_13' title="bbox 291 1810 645 2177">
    <p class='ocr_par' dir='ltr' id='par_1_17' title="bbox 291 1810 645 2177">
     <span class='ocr_line' id='line_1_39' title="bbox 292 1810 631 1850; baseline 0.006 -10"><span class='ocrx_word' id='word_1_99' title='bbox 292 1811 368 1848; x_wconf 80' lang='lat' dir='ltr'>Ave,</span> <span class='ocrx_word' id='word_1_100' title='bbox 396 1819 474 1850; x_wconf 85' lang='lat' dir='ltr'>quae</span> <span class='ocrx_word' id='word_1_101' title='bbox 499 1810 537 1841; x_wconf 86' lang='lat' dir='ltr'>ab</span> <span class='ocrx_word' id='word_1_102' title='bbox 564 1811 631 1842; x_wconf 87' lang='lat' dir='ltr'>acie</span> 
     </span>
     <span class='ocr_line' id='line_1_40' title="bbox 339 1858 602 1889; baseline 0 -1"><span class='ocrx_word' id='word_1_103' title='bbox 339 1858 416 1888; x_wconf 73' lang='lat' dir='ltr'>caeli</span> <span class='ocrx_word' id='word_1_104' title='bbox 444 1858 602 1889; x_wconf 87' lang='lat' dir='ltr'>coronaris</span> 
     </span>
     <span class='ocr_line' id='line_1_41' title="bbox 291 1903 580 1935; baseline 0 0"><span class='ocrx_word' id='word_1_105' title='bbox 291 1904 332 1935; x_wconf 91' lang='lat' dir='ltr'>Et</span> <span class='ocrx_word' id='word_1_106' title='bbox 355 1905 387 1935; x_wconf 91' lang='lat' dir='ltr'>in</span> <span class='ocrx_word' id='word_1_107' title='bbox 414 1904 473 1935; x_wconf 94' lang='lat' dir='ltr'>Dei</span> <span class='ocrx_word' id='word_1_108' title='bbox 498 1903 580 1935; x_wconf 82' lang='lat' dir='ltr'>facie</span> 
     </span>
     <span class='ocr_line' id='line_1_42' title="bbox 336 1951 592 1991; baseline 0 -9"><span class='ocrx_word' id='word_1_109' title='bbox 336 1951 420 1982; x_wconf 85' lang='lat' dir='ltr'>laeta</span> <span class='ocrx_word' id='word_1_110' title='bbox 445 1951 592 1991; x_wconf 76' lang='lat' dir='ltr'>epularis,</span> 
     </span>
     <span class='ocr_line' id='line_1_43' title="bbox 291 1997 608 2037; baseline 0 -9"><span class='ocrx_word' id='word_1_111' title='bbox 291 1998 341 2028; x_wconf 85' lang='lat' dir='ltr'>Ab</span> <span class='ocrx_word' id='word_1_112' title='bbox 366 1997 483 2028; x_wconf 85' lang='lat' dir='ltr'>inferni</span> <span class='ocrx_word' id='word_1_113' title='bbox 508 1998 608 2037; x_wconf 84' lang='lat' dir='ltr'>glacie</span> 
     </span>
     <span class='ocr_line' id='line_1_44' title="bbox 339 2044 644 2083; baseline 0.01 -10"><span class='ocrx_word' id='word_1_114' title='bbox 339 2052 370 2074; x_wconf 70' lang='lat' dir='ltr'>ot</span> <span class='ocrx_word' id='word_1_115' title='bbox 395 2044 505 2083; x_wconf 70' lang='lat' dir='ltr'>poenis</span> <span class='ocrx_word' id='word_1_116' title='bbox 529 2048 644 2076; x_wconf 70' lang='lat' dir='ltr'>amaris</span> 
     </span>
     <span class='ocr_line' id='line_1_45' title="bbox 291 2091 641 2130; baseline 0.006 -9"><span class='ocrx_word' id='word_1_117' title='bbox 291 2091 413 2122; x_wconf 85' lang='lat' dir='ltr'>Eruens</span> <span class='ocrx_word' id='word_1_118' title='bbox 438 2099 498 2129; x_wconf 84' lang='lat' dir='ltr'>me,</span> <span class='ocrx_word' id='word_1_119' title='bbox 522 2092 641 2130; x_wconf 86' lang='lat' dir='ltr'>gratiae</span> 
     </span>
     <span class='ocr_line' id='line_1_46' title="bbox 339 2138 645 2177; baseline 0.007 -9"><span class='ocrx_word' id='word_1_120' title='bbox 339 2141 469 2177; x_wconf 83' lang='lat' dir='ltr'>protege</span> <span class='ocrx_word' id='word_1_121' title='bbox 494 2138 550 2169; x_wconf 89' lang='lat' dir='ltr'>sub</span> <span class='ocrx_word' id='word_1_122' title='bbox 576 2139 645 2170; x_wconf 91' lang='lat' dir='ltr'>alis.</span> 
     </span>
    </p>
   </div>
   <div class='ocr_carea' id='block_1_14' title="bbox 293 2213 682 2394">
    <p class='ocr_par' dir='ltr' id='par_1_18' title="bbox 293 2213 682 2299">
     <span class='ocr_line' id='line_1_47' title="bbox 293 2213 635 2253; baseline 0 -8"><span class='ocrx_word' id='word_1_123' title='bbox 293 2216 370 2253; x_wconf 83' lang='lat' dir='ltr'>Ave,</span> <span class='ocrx_word' id='word_1_124' title='bbox 398 2223 417 2245; x_wconf 86' lang='lat' dir='ltr'>a</span> <span class='ocrx_word' id='word_1_125' title='bbox 440 2213 635 2252; x_wconf 89' lang='lat' dir='ltr'>principibus</span> 
     </span>
     <span class='ocr_line' id='line_1_48' title="bbox 338 2261 682 2299; baseline -0.003 -6"><span class='ocrx_word' id='word_1_126' title='bbox 338 2261 418 2293; x_wconf 86' lang='lat' dir='ltr'>Iuda</span> <span class='ocrx_word' id='word_1_127' title='bbox 441 2268 520 2299; x_wconf 87' lang='lat' dir='ltr'>quae</span> <span class='ocrx_word' id='word_1_128' title='bbox 543 2261 682 2292; x_wconf 85' lang='lat' dir='ltr'>laudaris</span> 
     </span>
    </p>

    <p class='ocr_par' dir='ltr' id='par_1_19' title="bbox 293 2307 635 2394">
     <span class='ocr_line' id='line_1_49' title="bbox 293 2307 635 2339; baseline 0 0"><span class='ocrx_word' id='word_1_129' title='bbox 293 2308 336 2339; x_wconf 87' lang='lat' dir='ltr'>Et</span> <span class='ocrx_word' id='word_1_130' title='bbox 360 2316 466 2339; x_wconf 81' lang='lat' dir='ltr'>eorum</span> <span class='ocrx_word' id='word_1_131' title='bbox 490 2307 635 2339; x_wconf 82' lang='lat' dir='ltr'>laudibus</span> 
     </span>
     <span class='ocr_line' id='line_1_50' title="bbox 338 2354 625 2394; baseline 0 -8"><span class='ocrx_word' id='word_1_132' title='bbox 338 2358 372 2386; x_wconf 91' lang='lat' dir='ltr'>tu</span> <span class='ocrx_word' id='word_1_133' title='bbox 396 2354 625 2394; x_wconf 86' lang='lat' dir='ltr'>congratularis</span> 
     </span>
    </p>
   </div>
   <div class='ocr_carea' id='block_1_15' title="bbox 878 416 933 446">
    <p class='ocr_par' dir='ltr' id='par_1_20' title="bbox 878 416 933 446">
     <span class='ocr_line' id='line_1_51' title="bbox 878 416 933 446; baseline 0 0"><span class='ocrx_word' id='word_1_134' title='bbox 878 416 933 446; x_wconf 84' lang='lat'>42.</span> 
     </span>
    </p>
   </div>
   <div class='ocr_carea' id='block_1_16' title="bbox 878 819 933 850">
    <p class='ocr_par' dir='ltr' id='par_1_21' title="bbox 878 819 933 850">
     <span class='ocr_line' id='line_1_52' title="bbox 878 819 933 850; baseline 0 0"><span class='ocrx_word' id='word_1_135' title='bbox 878 819 933 850; x_wconf 84' lang='lat'>43.</span> 
     </span>
    </p>
   </div>
   <div class='ocr_carea' id='block_1_17' title="bbox 879 1221 933 1252">
    <p class='ocr_par' dir='ltr' id='par_1_22' title="bbox 879 1221 933 1252">
     <span class='ocr_line' id='line_1_53' title="bbox 879 1221 933 1252; baseline 0.019 -1"><span class='ocrx_word' id='word_1_136' title='bbox 879 1221 933 1252; x_wconf 87' lang='lat'>44.</span> 
     </span>
    </p>
   </div>
   <div class='ocr_carea' id='block_1_18' title="bbox 881 1625 935 1655">
    <p class='ocr_par' dir='ltr' id='par_1_23' title="bbox 881 1625 935 1655">
     <span class='ocr_line' id='line_1_54' title="bbox 881 1625 935 1655; baseline -0.019 0"><span class='ocrx_word' id='word_1_137' title='bbox 881 1625 935 1655; x_wconf 86' lang='lat'>45.</span> 
     </span>
    </p>
   </div>
   <div class='ocr_carea' id='block_1_19' title="bbox 881 2030 935 2061">
    <p class='ocr_par' dir='ltr' id='par_1_24' title="bbox 881 2030 935 2061">
     <span class='ocr_line' id='line_1_55' title="bbox 881 2030 935 2061; baseline 0 -1"><span class='ocrx_word' id='word_1_138' title='bbox 881 2030 935 2061; x_wconf 79' lang='lat'>46.</span> 
     </span>
    </p>
   </div>
   <div class='ocr_carea' id='block_1_20' title="bbox 960 199 1355 379">
    <p class='ocr_par' dir='ltr' id='par_1_25' title="bbox 960 199 1355 379">
     <span class='ocr_line' id='line_1_56' title="bbox 960 199 1347 240; baseline -0.003 -9"><span class='ocrx_word' id='word_1_139' title='bbox 960 200 1172 239; x_wconf 82' lang='lat' dir='ltr'>Genetrixque</span> <span class='ocrx_word' id='word_1_140' title='bbox 1195 199 1347 240; x_wconf 84' lang='lat' dir='ltr'>principis</span> 
     </span>
     <span class='ocr_line' id='line_1_57' title="bbox 1005 246 1290 286; baseline 0.004 -9"><span class='ocrx_word' id='word_1_141' title='bbox 1005 247 1085 279; x_wconf 79' lang='lat' dir='ltr'>caeli</span> <span class='ocrx_word' id='word_1_142' title='bbox 1110 246 1290 286; x_wconf 79' lang='lat' dir='ltr'>affirmaris,</span> 
     </span>
     <span class='ocr_line' id='line_1_58' title="bbox 960 292 1355 333; baseline 0 -10"><span class='ocrx_word' id='word_1_143' title='bbox 960 292 1070 332; x_wconf 89' lang='lat' dir='ltr'>Digne,</span> <span class='ocrx_word' id='word_1_144' title='bbox 1098 302 1159 333; x_wconf 85' lang='lat' dir='ltr'>qua</span> <span class='ocrx_word' id='word_1_145' title='bbox 1184 293 1355 331; x_wconf 87' lang='lat' dir='ltr'>extolleris,</span> 
     </span>
     <span class='ocr_line' id='line_1_59' title="bbox 1005 340 1322 379; baseline 0.006 -9"><span class='ocrx_word' id='word_1_146' title='bbox 1005 340 1111 379; x_wconf 86' lang='lat' dir='ltr'>lingua</span> <span class='ocrx_word' id='word_1_147' title='bbox 1136 343 1185 371; x_wconf 83' lang='lat' dir='ltr'>est</span> <span class='ocrx_word' id='word_1_148' title='bbox 1208 340 1322 372; x_wconf 78' lang='lat' dir='ltr'>suavis.</span> 
     </span>
    </p>
   </div>
   <div class='ocr_carea' id='block_1_21' title="bbox 957 413 1396 783">
    <p class='ocr_par' dir='ltr' id='par_1_26' title="bbox 959 413 1391 503">
     <span class='ocr_line' id='line_1_60' title="bbox 959 413 1325 455; baseline -0.003 -10"><span class='ocrx_word' id='word_1_149' title='bbox 959 416 1038 455; x_wconf 86' lang='lat' dir='ltr'>Ave,</span> <span class='ocrx_word' id='word_1_150' title='bbox 1065 423 1145 454; x_wconf 86' lang='lat' dir='ltr'>quae</span> <span class='ocrx_word' id='word_1_151' title='bbox 1168 413 1325 445; x_wconf 85' lang='lat' dir='ltr'>salvificas</span> 
     </span>
     <span class='ocr_line' id='line_1_61' title="bbox 1004 461 1391 503; baseline -0.003 -11"><span class='ocrx_word' id='word_1_152' title='bbox 1004 470 1137 503; x_wconf 88' lang='lat' dir='ltr'>omnem,</span> <span class='ocrx_word' id='word_1_153' title='bbox 1164 461 1217 501; x_wconf 89' lang='lat' dir='ltr'>qui</span> <span class='ocrx_word' id='word_1_154' title='bbox 1241 461 1391 499; x_wconf 87' lang='lat' dir='ltr'>salvatur,</span> 
     </span>
    </p>

    <p class='ocr_par' dir='ltr' id='par_1_27' title="bbox 960 508 1385 596">
     <span class='ocr_line' id='line_1_62' title="bbox 960 508 1385 547; baseline -0.002 -8"><span class='ocrx_word' id='word_1_155' title='bbox 960 508 1089 539; x_wconf 85' lang='lat' dir='ltr'>Servum</span> <span class='ocrx_word' id='word_1_156' title='bbox 1116 512 1201 540; x_wconf 88' lang='lat' dir='ltr'>tuum</span> <span class='ocrx_word' id='word_1_157' title='bbox 1227 511 1385 547; x_wconf 87' lang='lat' dir='ltr'>protegas,</span> 
     </span>
     <span class='ocr_line' id='line_1_63' title="bbox 1004 556 1350 596; baseline -0.003 -10"><span class='ocrx_word' id='word_1_158' title='bbox 1004 556 1093 595; x_wconf 89' lang='lat' dir='ltr'>aquis</span> <span class='ocrx_word' id='word_1_159' title='bbox 1118 564 1158 587; x_wconf 93' lang='lat' dir='ltr'>ne</span> <span class='ocrx_word' id='word_1_160' title='bbox 1179 558 1350 596; x_wconf 87' lang='lat' dir='ltr'>mergatur,</span> 
     </span>
    </p>

    <p class='ocr_par' dir='ltr' id='par_1_28' title="bbox 957 601 1396 681">
     <span class='ocr_line' id='line_1_64' title="bbox 957 601 1396 642; baseline -0.002 -9"><span class='ocrx_word' id='word_1_161' title='bbox 957 601 1025 633; x_wconf 86' lang='lat' dir='ltr'>Nec</span> <span class='ocrx_word' id='word_1_162' title='bbox 1046 602 1234 642; x_wconf 87' lang='lat' dir='ltr'>profundum</span> <span class='ocrx_word' id='word_1_163' title='bbox 1261 601 1396 641; x_wconf 80' lang='lat' dir='ltr'>sorbeat,</span> 
     </span>
     <span class='ocr_line' id='line_1_65' title="bbox 1004 650 1366 681; baseline -0.003 -1"><span class='ocrx_word' id='word_1_164' title='bbox 1004 650 1059 681; x_wconf 90' lang='lat' dir='ltr'>sed</span> <span class='ocrx_word' id='word_1_165' title='bbox 1087 653 1119 680; x_wconf 82' lang='lat' dir='ltr'>et</span> <span class='ocrx_word' id='word_1_166' title='bbox 1142 659 1175 681; x_wconf 93' lang='lat' dir='ltr'>os</span> <span class='ocrx_word' id='word_1_167' title='bbox 1201 650 1366 681; x_wconf 81' lang='lat' dir='ltr'>claudatur</span> 
     </span>
    </p>

    <p class='ocr_par' dir='ltr' id='par_1_29' title="bbox 958 695 1322 783">
     <span class='ocr_line' id='line_1_66' title="bbox 958 695 1322 735; baseline 0 -8"><span class='ocrx_word' id='word_1_168' title='bbox 958 695 1089 735; x_wconf 78' lang='lat' dir='ltr'>Inferni,</span> <span class='ocrx_word' id='word_1_169' title='bbox 1115 700 1151 728; x_wconf 85' lang='lat' dir='ltr'>ut</span> <span class='ocrx_word' id='word_1_170' title='bbox 1173 700 1322 734; x_wconf 81' lang='lat' dir='ltr'>transcat,</span> 
     </span>
     <span class='ocr_line' id='line_1_67' title="bbox 1006 743 1300 783; baseline 0 -9"><span class='ocrx_word' id='word_1_171' title='bbox 1006 743 1059 774; x_wconf 94' lang='lat' dir='ltr'>ubi</span> <span class='ocrx_word' id='word_1_172' title='bbox 1085 745 1171 783; x_wconf 82' lang='lat' dir='ltr'>quies</span> <span class='ocrx_word' id='word_1_173' title='bbox 1199 744 1300 775; x_wconf 90' lang='lat' dir='ltr'>datur.</span> 
     </span>
    </p>
   </div>
   <div class='ocr_carea' id='block_1_22' title="bbox 957 818 1380 1186">
    <p class='ocr_par' dir='ltr' id='par_1_30' title="bbox 957 818 1380 1186">
     <span class='ocr_line' id='line_1_68' title="bbox 959 818 1300 856; baseline 0 -8"><span class='ocrx_word' id='word_1_174' title='bbox 959 819 1037 856; x_wconf 88' lang='lat' dir='ltr'>Ave,</span> <span class='ocrx_word' id='word_1_175' title='bbox 1064 818 1300 849; x_wconf 85' lang='lat' dir='ltr'>misericordiae</span> 
     </span>
     <span class='ocr_line' id='line_1_69' title="bbox 1004 864 1317 904; baseline 0 -9"><span class='ocrx_word' id='word_1_176' title='bbox 1004 865 1147 903; x_wconf 79' lang='lat' dir='ltr'>genetrix</span> <span class='ocrx_word' id='word_1_177' title='bbox 1174 864 1317 904; x_wconf 86' lang='lat' dir='ltr'>benigna,</span> 
     </span>
     <span class='ocr_line' id='line_1_70' title="bbox 957 911 1335 952; baseline 0.003 -11"><span class='ocrx_word' id='word_1_178' title='bbox 957 911 1054 950; x_wconf 79' lang='lat' dir='ltr'>Quam</span> <span class='ocrx_word' id='word_1_179' title='bbox 1080 911 1205 943; x_wconf 87' lang='lat' dir='ltr'>lactasti</span> <span class='ocrx_word' id='word_1_180' title='bbox 1230 911 1335 952; x_wconf 85' lang='lat' dir='ltr'>ubere,</span> 
     </span>
     <span class='ocr_line' id='line_1_71' title="bbox 1004 958 1357 998; baseline 0 -9"><span class='ocrx_word' id='word_1_181' title='bbox 1004 958 1095 997; x_wconf 90' lang='lat' dir='ltr'>prole</span> <span class='ocrx_word' id='word_1_182' title='bbox 1119 967 1175 989; x_wconf 91' lang='lat' dir='ltr'>nos</span> <span class='ocrx_word' id='word_1_183' title='bbox 1201 959 1357 998; x_wconf 87' lang='lat' dir='ltr'>consigna,</span> 
     </span>
     <span class='ocr_line' id='line_1_72' title="bbox 958 1004 1260 1036; baseline 0.003 -1"><span class='ocrx_word' id='word_1_184' title='bbox 958 1004 1039 1035; x_wconf 87' lang='lat' dir='ltr'>Suae</span> <span class='ocrx_word' id='word_1_185' title='bbox 1062 1005 1260 1036; x_wconf 81' lang='lat' dir='ltr'>innocentiae</span> 
     </span>
     <span class='ocr_line' id='line_1_73' title="bbox 1005 1052 1380 1091; baseline -0.003 -8"><span class='ocrx_word' id='word_1_186' title='bbox 1005 1052 1082 1083; x_wconf 87' lang='lat' dir='ltr'>haec</span> <span class='ocrx_word' id='word_1_187' title='bbox 1105 1052 1256 1083; x_wconf 86' lang='lat' dir='ltr'>habentes</span> <span class='ocrx_word' id='word_1_188' title='bbox 1282 1052 1380 1091; x_wconf 85' lang='lat' dir='ltr'>signa,</span> 
     </span>
     <span class='ocr_line' id='line_1_74' title="bbox 958 1098 1336 1138; baseline 0 -9"><span class='ocrx_word' id='word_1_189' title='bbox 958 1098 1007 1129; x_wconf 86' lang='lat' dir='ltr'>Ne</span> <span class='ocrx_word' id='word_1_190' title='bbox 1031 1099 1216 1138; x_wconf 88' lang='lat' dir='ltr'>quandoque</span> <span class='ocrx_word' id='word_1_191' title='bbox 1241 1107 1336 1138; x_wconf 90' lang='lat' dir='ltr'>opere</span> 
     </span>
     <span class='ocr_line' id='line_1_75' title="bbox 1005 1146 1298 1186; baseline 0.003 -10"><span class='ocrx_word' id='word_1_192' title='bbox 1005 1155 1135 1184; x_wconf 83' lang='lat' dir='ltr'>agamus</span> <span class='ocrx_word' id='word_1_193' title='bbox 1158 1146 1298 1186; x_wconf 79' lang='lat' dir='ltr'>indigna..</span> 
     </span>
    </p>
   </div>
   <div class='ocr_carea' id='block_1_23' title="bbox 958 1221 1396 1581">
    <p class='ocr_par' dir='ltr' id='par_1_31' title="bbox 958 1221 1396 1581">
     <span class='ocr_line' id='line_1_76' title="bbox 960 1221 1256 1260; baseline 0.01 -11"><span class='ocrx_word' id='word_1_194' title='bbox 960 1222 1040 1260; x_wconf 90' lang='lat' dir='ltr'>Ave,</span> <span class='ocrx_word' id='word_1_195' title='bbox 1067 1221 1256 1252; x_wconf 83' lang='lat' dir='ltr'>adiuton&#39;um</span> 
     </span>
     <span class='ocr_line' id='line_1_77' title="bbox 1005 1268 1341 1309; baseline 0.003 -11"><span class='ocrx_word' id='word_1_196' title='bbox 1005 1276 1107 1298; x_wconf 90' lang='lat' dir='ltr'>meum</span> <span class='ocrx_word' id='word_1_197' title='bbox 1134 1270 1165 1298; x_wconf 91' lang='lat' dir='ltr'>et</span> <span class='ocrx_word' id='word_1_198' title='bbox 1188 1268 1341 1309; x_wconf 84' lang='lat' dir='ltr'>levamen,</span> 
     </span>
     <span class='ocr_line' id='line_1_78' title="bbox 959 1313 1293 1353; baseline 0.003 -9"><span class='ocrx_word' id='word_1_199' title='bbox 959 1313 1062 1345; x_wconf 85' lang='lat' dir='ltr'>Fruar</span> <span class='ocrx_word' id='word_1_200' title='bbox 1087 1317 1118 1345; x_wconf 90' lang='lat' dir='ltr'>te</span> <span class='ocrx_word' id='word_1_201' title='bbox 1143 1314 1293 1353; x_wconf 83' lang='lat' dir='ltr'>esuriens,</span> 
     </span>
     <span class='ocr_line' id='line_1_79' title="bbox 1007 1361 1396 1399; baseline 0.003 -8"><span class='ocrx_word' id='word_1_202' title='bbox 1007 1361 1124 1392; x_wconf 89' lang='lat' dir='ltr'>habens</span> <span class='ocrx_word' id='word_1_203' title='bbox 1151 1362 1191 1392; x_wconf 89' lang='lat' dir='ltr'>de</span> <span class='ocrx_word' id='word_1_204' title='bbox 1215 1365 1247 1392; x_wconf 90' lang='lat' dir='ltr'>te</span> <span class='ocrx_word' id='word_1_205' title='bbox 1272 1361 1396 1399; x_wconf 82' lang='lat' dir='ltr'>famem,</span> 
     </span>
     <span class='ocr_line' id='line_1_80' title="bbox 958 1406 1350 1449; baseline 0.005 -12"><span class='ocrx_word' id='word_1_206' title='bbox 958 1406 1022 1438; x_wconf 83' lang='lat' dir='ltr'>Fer</span> <span class='ocrx_word' id='word_1_207' title='bbox 1046 1417 1149 1449; x_wconf 82' lang='lat' dir='ltr'>opem,</span> <span class='ocrx_word' id='word_1_208' title='bbox 1177 1409 1350 1446; x_wconf 86' lang='lat' dir='ltr'>consilium,</span> 
     </span>
     <span class='ocr_line' id='line_1_81' title="bbox 1007 1454 1347 1494; baseline 0 -9"><span class='ocrx_word' id='word_1_209' title='bbox 1007 1454 1125 1493; x_wconf 84' lang='lat' dir='ltr'>praebe</span> <span class='ocrx_word' id='word_1_210' title='bbox 1150 1455 1347 1494; x_wconf 81' lang='lat' dir='ltr'>adiuvamen,</span> 
     </span>
     <span class='ocr_line' id='line_1_82' title="bbox 961 1501 1373 1540; baseline 0 -8"><span class='ocrx_word' id='word_1_211' title='bbox 961 1501 1005 1533; x_wconf 87' lang='lat' dir='ltr'>Ut</span> <span class='ocrx_word' id='word_1_212' title='bbox 1029 1502 1205 1540; x_wconf 87' lang='lat' dir='ltr'>praestoler</span> <span class='ocrx_word' id='word_1_213' title='bbox 1229 1503 1373 1533; x_wconf 88' lang='lat' dir='ltr'>ultimum</span> 
     </span>
     <span class='ocr_line' id='line_1_83' title="bbox 1007 1557 1302 1581; baseline 0.007 -2"><span class='ocrx_word' id='word_1_214' title='bbox 1007 1557 1134 1579; x_wconf 88' lang='lat' dir='ltr'>securus</span> <span class='ocrx_word' id='word_1_215' title='bbox 1161 1557 1302 1581; x_wconf 76' lang='lat' dir='ltr'>examen.</span> 
     </span>
    </p>
   </div>
   <div class='ocr_carea' id='block_1_24' title="bbox 963 1624 1438 1994">
    <p class='ocr_par' dir='ltr' id='par_1_32' title="bbox 963 1624 1438 1994">
     <span class='ocr_line' id='line_1_84' title="bbox 963 1624 1348 1663; baseline -0.003 -8"><span class='ocrx_word' id='word_1_216' title='bbox 963 1625 1042 1662; x_wconf 70' lang='lat' dir='ltr'>Ave,</span> <span class='ocrx_word' id='word_1_217' title='bbox 1068 1633 1141 1663; x_wconf 87' lang='lat' dir='ltr'>spes</span> <span class='ocrx_word' id='word_1_218' title='bbox 1164 1624 1348 1656; x_wconf 88' lang='lat' dir='ltr'>bellantium</span> 
     </span>
     <span class='ocr_line' id='line_1_85' title="bbox 1008 1670 1292 1713; baseline 0.007 -12"><span class='ocrx_word' id='word_1_219' title='bbox 1008 1673 1040 1701; x_wconf 85' lang='lat' dir='ltr'>et</span> <span class='ocrx_word' id='word_1_220' title='bbox 1064 1671 1151 1711; x_wconf 89' lang='lat' dir='ltr'>quies</span> <span class='ocrx_word' id='word_1_221' title='bbox 1176 1670 1292 1713; x_wconf 83' lang='lat' dir='ltr'>futura,</span> 
     </span>
     <span class='ocr_line' id='line_1_86' title="bbox 963 1718 1364 1758; baseline 0.005 -10"><span class='ocrx_word' id='word_1_222' title='bbox 963 1718 1023 1749; x_wconf 82' lang='lat' dir='ltr'>Per</span> <span class='ocrx_word' id='word_1_223' title='bbox 1047 1720 1079 1748; x_wconf 88' lang='lat' dir='ltr'>te</span> <span class='ocrx_word' id='word_1_224' title='bbox 1103 1718 1364 1758; x_wconf 86' lang='lat' dir='ltr'>triumphantium</span> 
     </span>
     <span class='ocr_line' id='line_1_87' title="bbox 1008 1765 1356 1803; baseline 0.003 -7"><span class='ocrx_word' id='word_1_225' title='bbox 1008 1765 1134 1797; x_wconf 84' lang='lat' dir='ltr'>Merces</span> <span class='ocrx_word' id='word_1_226' title='bbox 1160 1769 1207 1797; x_wconf 89' lang='lat' dir='ltr'>est</span> <span class='ocrx_word' id='word_1_227' title='bbox 1232 1775 1356 1803; x_wconf 82' lang='lat' dir='ltr'>secura,</span> 
     </span>
     <span class='ocr_line' id='line_1_88' title="bbox 964 1814 1311 1845; baseline 0.003 -2"><span class='ocrx_word' id='word_1_228' title='bbox 964 1816 1058 1844; x_wconf 88' lang='lat' dir='ltr'>Amas</span> <span class='ocrx_word' id='word_1_229' title='bbox 1083 1815 1115 1843; x_wconf 87' lang='lat' dir='ltr'>te</span> <span class='ocrx_word' id='word_1_230' title='bbox 1140 1814 1311 1845; x_wconf 84' lang='lat' dir='ltr'>amantium</span> 
     </span>
     <span class='ocr_line' id='line_1_89' title="bbox 1009 1860 1438 1900; baseline 0.002 -10"><span class='ocrx_word' id='word_1_231' title='bbox 1009 1868 1120 1899; x_wconf 86' lang='lat' dir='ltr'>preces</span> <span class='ocrx_word' id='word_1_232' title='bbox 1145 1860 1216 1899; x_wconf 88' lang='lat' dir='ltr'>plus</span> <span class='ocrx_word' id='word_1_233' title='bbox 1242 1869 1331 1900; x_wconf 83' lang='lat' dir='ltr'>quam</span> <span class='ocrx_word' id='word_1_234' title='bbox 1357 1863 1438 1899; x_wconf 85' lang='lat' dir='ltr'>tura,</span> 
     </span>
     <span class='ocr_line' id='line_1_90' title="bbox 965 1906 1323 1945; baseline 0.006 -8"><span class='ocrx_word' id='word_1_235' title='bbox 965 1906 1082 1945; x_wconf 77' lang='lat' dir='ltr'>Quibus</span> <span class='ocrx_word' id='word_1_236' title='bbox 1106 1906 1323 1939; x_wconf 85' lang='lat' dir='ltr'>infestantium</span> 
     </span>
     <span class='ocr_line' id='line_1_91' title="bbox 1010 1955 1302 1994; baseline 0.007 -9"><span class='ocrx_word' id='word_1_237' title='bbox 1010 1955 1094 1994; x_wconf 83' lang='lat' dir='ltr'>perit</span> <span class='ocrx_word' id='word_1_238' title='bbox 1117 1955 1302 1994; x_wconf 83' lang='lat' dir='ltr'>impostura.</span> 
     </span>
    </p>
   </div>
   <div class='ocr_carea' id='block_1_25' title="bbox 962 2029 1402 2398">
    <p class='ocr_par' dir='ltr' id='par_1_33' title="bbox 962 2029 1402 2398">
     <span class='ocr_line' id='line_1_92' title="bbox 962 2029 1248 2069; baseline 0 -10"><span class='ocrx_word' id='word_1_239' title='bbox 962 2030 1041 2069; x_wconf 74' lang='lat' dir='ltr'>Ave,</span> <span class='ocrx_word' id='word_1_240' title='bbox 1069 2029 1248 2061; x_wconf 85' lang='lat' dir='ltr'>Gedeonico</span> 
     </span>
     <span class='ocr_line' id='line_1_93' title="bbox 1012 2076 1285 2117; baseline 0 -11"><span class='ocrx_word' id='word_1_241' title='bbox 1012 2077 1129 2107; x_wconf 83' lang='lat' dir='ltr'>vellere</span> <span class='ocrx_word' id='word_1_242' title='bbox 1153 2076 1285 2117; x_wconf 83' lang='lat' dir='ltr'>signata,</span> 
     </span>
     <span class='ocr_line' id='line_1_94' title="bbox 964 2122 1280 2160; baseline -0.003 -7"><span class='ocrx_word' id='word_1_243' title='bbox 964 2123 1040 2160; x_wconf 72' lang='lat' dir='ltr'>Quia</span> <span class='ocrx_word' id='word_1_244' title='bbox 1066 2131 1138 2154; x_wconf 92' lang='lat' dir='ltr'>rore</span> <span class='ocrx_word' id='word_1_245' title='bbox 1164 2122 1280 2153; x_wconf 87' lang='lat' dir='ltr'>caelico</span> 
     </span>
     <span class='ocr_line' id='line_1_95' title="bbox 1012 2169 1311 2209; baseline -0.003 -9"><span class='ocrx_word' id='word_1_246' title='bbox 1012 2173 1116 2200; x_wconf 75' lang='lat' dir='ltr'>exstas</span> <span class='ocrx_word' id='word_1_247' title='bbox 1137 2169 1311 2209; x_wconf 87' lang='lat' dir='ltr'>madidata,</span> 
     </span>
     <span class='ocr_line' id='line_1_96' title="bbox 966 2215 1265 2255; baseline -0.007 -8"><span class='ocrx_word' id='word_1_248' title='bbox 966 2215 1087 2255; x_wconf 87' lang='lat' dir='ltr'>Spiritu</span> <span class='ocrx_word' id='word_1_249' title='bbox 1113 2215 1265 2254; x_wconf 85' lang='lat' dir='ltr'>paraclito</span> 
     </span>
     <span class='ocr_line' id='line_1_97' title="bbox 1014 2262 1352 2297; baseline 0 -3"><span class='ocrx_word' id='word_1_250' title='bbox 1014 2272 1082 2297; x_wconf 88' lang='lat' dir='ltr'>cum</span> <span class='ocrx_word' id='word_1_251' title='bbox 1107 2266 1139 2293; x_wconf 93' lang='lat' dir='ltr'>tu</span> <span class='ocrx_word' id='word_1_252' title='bbox 1166 2262 1352 2294; x_wconf 82' lang='lat' dir='ltr'>obumbrata</span> 
     </span>
     <span class='ocr_line' id='line_1_98' title="bbox 971 2309 1295 2348; baseline 0 -7"><span class='ocrx_word' id='word_1_253' title='bbox 971 2310 1070 2341; x_wconf 89' lang='lat' dir='ltr'>Verbo</span> <span class='ocrx_word' id='word_1_254' title='bbox 1097 2318 1129 2340; x_wconf 83' lang='lat' dir='ltr'>es</span> <span class='ocrx_word' id='word_1_255' title='bbox 1155 2309 1295 2348; x_wconf 90' lang='lat' dir='ltr'>angelico</span> 
     </span>
     <span class='ocr_line' id='line_1_99' title="bbox 1015 2356 1402 2398; baseline 0.008 -11"><span class='ocrx_word' id='word_1_256' title='bbox 1015 2357 1146 2388; x_wconf 86' lang='lat' dir='ltr'>credens</span> <span class='ocrx_word' id='word_1_257' title='bbox 1171 2356 1402 2398; x_wconf 81' lang='lat' dir='ltr'>impraegnata.</span> 
     </span>
    </p>
   </div>
  </div>
 </body>
</html>
