1650 2612
219 203 260 234 35

218 409 272 441 36.

219 821 272 852 38.

217 1036 272 1068 39.

216 1251 271 1282 40.

216 1466 270 1498 41.

215 1683 269 1714 42.

718 124 766 130 —-
814 103 880 142 174
928 126 973 131 —-

266 228 273 234 .
300 202 377 239 Ave,
403 202 501 241 virgo,
527 209 607 232 vena
630 200 757 238 munda,

300 249 362 280 Per
386 257 476 287 quam
504 248 564 279 vivi
590 246 685 278 fontis
710 247 794 278 unda

297 294 378 326 Mihi
402 303 526 334 semper
550 295 712 334 irroretur,

298 342 363 380 Quo
388 351 442 373 cor
466 350 566 372 meum
592 340 761 373 debrietur.

299 408 377 444 Ave,
402 409 499 449 virgo,
527 407 610 438 vitae
632 406 692 443 via,

298 453 388 485 Salus
413 454 531 495 mundi,
558 462 640 493 spes,
667 453 778 494 Maria,

300 500 393 532 Cuius
417 502 518 541 legem
544 509 597 531 cor
621 503 763 538 rimatur,

298 547 339 579 Os
364 548 507 585 sophiam
531 546 710 578 meditatur.

218 614 235 645 ἢ
264 638 271 644 .
296 613 377 653 Ave,
402 613 500 654 virgo,
524 612 631 643 mundi
658 612 762 654 decus,

297 659 370 690 Tibi
395 660 508 691 cedens
532 659 629 690 iudex
654 667 770 700 aequus

299 707 357 738 Est
382 706 496 738 oblitus
519 706 587 737 irae
611 714 686 737 suae

298 753 334 785 In
360 757 489 792 aspectu
513 752 632 785 formae
657 755 738 786 tuae.

300 820 378 856 Ave,
406 820 501 858 virgo,
527 818 636 849 muudi
660 820 748 859 ratis,

297 865 348 897 Da
372 868 405 896 ut
430 866 511 905 ignis
537 865 676 896 caritatis

303 912 363 943 Per
386 915 418 942 te
442 921 566 951 semper
588 912 662 942 mihi
686 916 815 953 crescat,

300 959 360 991 Cor
382 968 489 991 amore
513 959 717 994 concalescat.

298 1036 377 1074 Ave,
403 1036 501 1075 virgo,
526 1035 581 1066 lux
603 1037 769 1075 astrorum,

293 1081 394 1122 Educ,
422 1090 545 1121 quaeso,
574 1082 718 1113 vitiorum

297 1128 468 1160 Lutulenta
492 1137 541 1159 me
567 1129 606 1159 de
630 1127 718 1160 faece

298 1176 359 1206 Pro
384 1184 433 1206 me
457 1174 527 1206 fusa
550 1175 618 1206 Deo
643 1184 748 1213 prece.

296 1250 377 1286 Ave,
403 1251 500 1289 virgo,
526 1253 560 1280 tu
586 1250 716 1289 dignare

298 1297 344 1327 Te
366 1297 545 1328 laudantem
570 1305 620 1327 me
643 1305 755 1329 sanare

295 1343 325 1374 A
350 1343 499 1384 languore
522 1343 614 1374 nimis
638 1345 737 1384 gravi,

298 1390 394 1428 Quem
419 1390 579 1429 peccando
606 1392 794 1430 comparavi.

296 1465 375 1504 Ave,
402 1466 500 1505 virgo,
527 1466 576 1505 da,
602 1466 684 1505 quod
703 1467 804 1498 cernis

297 1513 344 1544 Ut
368 1513 560 1551 contempler
584 1513 615 1543 in
641 1514 783 1554 supernis

297 1559 466 1599 Epulantis
491 1560 603 1591 turbae
626 1569 735 1592 sonum

296 1606 341 1637 Et
365 1606 519 1638 cantantis
544 1609 617 1638 ante
640 1607 796 1641 thronum.

807 1493 815 1509 2

295 1682 374 1718 Ave,
402 1683 488 1722 virgo
514 1682 691 1723 singularis,

296 1729 384 1759 Vena
407 1730 473 1760 veri
499 1729 645 1760 salutaris

295 1775 340 1806 Et.
363 1776 494 1807 emissae
519 1776 597 1807 lucis
622 1779 732 1819 mater,

297 1822 390 1854 Cuius
415 1823 500 1855 Deus
524 1832 616 1855 verus
641 1827 742 1863 pater.

885 200 941 232 43.

885 406 940 437 44.

885 612 940 643 45.

885 818 939 849 46.

886 1037 941 1067 47.

885 1253 940 1284 48.

886 1468 940 1499 49.

887 1685 939 1716 50.

966 202 1045 240 Ave,
1071 201 1158 240 virgo
1184 210 1221 232 ac
1246 200 1384 241 quietum

964 248 1030 279 Fac
1056 246 1217 278 frementis
1234 246 1343 279 mundi
1361 245 1487 284 fretum,

967 295 1054 327 Iesus
1079 295 1151 325 navi
1176 296 1341 334 soporatus

965 342 995 372 A
1020 345 1052 372 te
1076 344 1181 381 surgat
1208 342 1373 373 excitatus.

965 407 1047 448 Ave,
1073 407 1162 446 virgo
1191 407 1285 447 digna
1310 406 1383 445 coli,

967 453 1014 484 Tu
1041 453 1166 484 divinae
1191 456 1263 485 tuae
1287 453 1372 492 proli

966 500 1002 531 In
1029 499 1144 531 festiva
1169 500 1313 532 claritate

967 546 1071 577 Vestis
1094 549 1178 577 astas
1205 547 1384 578 deauratae.

965 613 1045 652 Ave,
1072 612 1170 651 virgo,
1196 612 1306 644 mundi
1329 612 1445 652 lumen,

965 659 1014 690 Tu
1039 659 1213 690 divinitatis
1238 658 1353 690 flumen

967 706 1039 737 Tibi
1063 707 1191 737 missum
1217 709 1249 738 et
1272 705 1409 738 infusum

965 752 1115 785 Effudisti
1138 755 1266 792 praeter
1289 762 1390 785 usum.

965 819 1044 861 Ave,
1070 819 1169 858 virgo,
1196 823 1297 851 mater
1321 819 1403 860 agni,

967 867 1038 898 Iesu
1063 866 1190 903 Christi,
1217 867 1300 906 regis
1325 866 1439 907 magni,

966 914 1024 953 Qui
1049 916 1097 944 est
1120 914 1191 952 pius
1217 917 1248 944 et
1271 914 1425 953 benignus

965 960 1010 992 Et
1033 961 1151 992 honore
1175 969 1294 992 summe
1318 961 1440 1002 dignus.

967 1037 1045 1078 Ave,
1073 1035 1161 1075 virgo
1188 1034 1308 1067 formae
1329 1044 1431 1075 rarae,

966 1083 1061 1115 Cuius
1086 1083 1191 1113 vultus
1216 1083 1374 1123 singulare

967 1130 1074 1160 Visum
1096 1129 1187 1160 iubar
1210 1133 1283 1161 sunt
1305 1129 1411 1161 mirati

965 1176 1067 1215 Reges
1093 1176 1172 1207 caeli
1196 1177 1386 1217 congregati.

965 1253 1045 1291 Ave,
1071 1252 1169 1291 virgo,
1196 1255 1269 1284 veta
1293 1255 1428 1283 mentem

965 1299 1011 1329 Te
1034 1298 1192 1329 laudando
1220 1299 1402 1338 diligentem

965 1345 1118 1384 Deputari
1142 1345 1226 1376 inter
1252 1354 1333 1384 reos,

966 1392 1028 1424 Ubi
1053 1401 1137 1423 mors
1164 1392 1314 1431 depascet
1336 1402 1399 1426 eos,

966 1469 1047 1510 Ave,
1074 1468 1157 1498 veris
1184 1468 1348 1509 claritudo,

966 1515 1082 1546 Tecum
1108 1514 1175 1554 agri
1198 1516 1374 1554 plenitudo,

966 1563 1015 1594 Tu
1040 1560 1144 1592 infusa
1170 1563 1248 1593 caeli
1272 1571 1345 1593 rore

964 1610 1086 1640 Vernas
1111 1611 1180 1640 orto
1206 1610 1373 1643 salvatore.

967 1687 1047 1725 Ave,
1073 1687 1173 1715 mater
1196 1685 1417 1725 orphanorum,

965 1732 1120 1763 Miserere
1145 1731 1340 1772 miserorum,

965 1779 1056 1810 Tolle
1080 1779 1191 1810 sordes
1217 1782 1247 1810 et
1272 1783 1412 1819 peccata,

966 1827 1068 1865 Super
1092 1826 1196 1858 nivem
1222 1827 1381 1859 dealbata.

580 1927 772 1959 Secunda
795 1928 1105 1969 Quinquagena.

264 2028 271 2034 .
298 2001 400 2038 Salve,
428 2011 514 2039 Vlrgo
539 2001 710 2046 primitiva,

295 2047 391 2088 Virgo
418 2047 507 2079 ferax
530 2051 564 2079 ut
591 2048 684 2089 oliva,

295 2094 344 2125 Tu
370 2094 467 2126 divini
492 2103 618 2135 germen
641 2094 728 2128 floris

295 2141 440 2173 Attulisti
464 2142 580 2173 nostris
604 2142 677 2174 oris.

299 2216 402 2258 Salve,
420 2221 552 2249 stemma
569 2217 685 2249 clarum
697 2218 814 2260 David,

297 2263 405 2296 Omnis
429 2264 562 2295 muudus
589 2264 767 2303 declinavit,

297 2310 372 2343 Sola
396 2310 496 2344 Deum
522 2311 680 2350 requisisti

295 2358 364 2390 Nec
387 2359 429 2391 ad
453 2358 571 2398 probra
592 2358 793 2393 descendisti.

908 2006 939 2036 3.

909 2221 940 2254 4.

966 2005 1070 2046 Salve,
1096 2005 1184 2045 virgo
1209 2007 1282 2037 novi
1306 2006 1384 2044 voti,

966 2053 1064 2085 Posce
1090 2051 1171 2082 bona
1195 2052 1312 2083 mundo
1337 2053 1405 2095 toti,

965 2099 1067 2131 Tuum
1092 2101 1233 2129 sanctum
1255 2099 1443 2131 adiuvamen

964 2146 1139 2178 Sentiamus
1164 2154 1280 2183 omnes,
1306 2146 1418 2181 Amen.

968 2220 1071 2260 Salve,
1096 2220 1185 2259 virgo
1211 2220 1400 2263 columbina,

967 2268 1028 2308 Da,
1052 2270 1089 2299 ut,
1112 2266 1220 2298 mundi
1246 2267 1286 2299 de
1310 2270 1435 2302 sentina

967 2315 1048 2348 Illuc
1071 2314 1173 2345 volem
1200 2314 1281 2346 datis
1306 2317 1428 2360 pennis,

967 2362 1031 2394 Ubi
1055 2361 1143 2401 quies
1169 2363 1218 2392 est
1241 2364 1399 2401 perennis.
