1650 2612
176 208 230 241 37.

174 533 217 566 38

172 855 215 886 39

167 1176 213 1208 40

166 1497 208 1530 41

166 1822 210 1853 42

693 117 928 155 „89-

258 210 338 252 Ave,
363 210 446 252 Iesu,
472 212 527 244 lux
551 213 583 244 in
610 215 708 255 caelo,

257 257 347 289 Tunc
371 256 506 298 fulgebit
529 260 597 292 sine
621 263 692 294 velo

303 305 373 336 Tua
396 306 605 348 luminositas,

255 350 307 384 Ibi
332 351 394 384 erit
419 352 487 384 dies
512 363 576 386 una

257 399 334 431 Sine
359 399 438 442 sole,
464 401 533 433 sine
557 402 632 434 luna

304 447 418 479 Vultus
439 448 487 479 tui
512 448 652 482 claritas,

256 533 337 572 Ave,
363 533 449 574 Iesu,
475 544 568 575 quam
593 544 715 574 serene,

254 581 354 620 Quam
379 579 519 614 formose
542 582 622 613 lucis
647 583 762 622 plenae

302 628 408 661 Cubas
433 629 467 660 in
491 629 634 669 meridie,

255 674 321 707 Ubi
344 676 420 707 iusti
447 677 666 716 collaetantur,

253 722 425 755 Luminosa
449 723 661 755 iucundantur

302 770 363 801 Tui
387 770 492 801 vultus
516 770 632 811 specie.

253 855 334 895 Ave,
358 855 440 894 Iesu,
470 855 525 887 lux
550 854 676 893 solaris,

254 901 353 940 Quam
362 901 498 941 dilectis,
507 911 599 942 quam
609 901 785 942 praeclaris

301 948 429 980 Gaudes
455 949 676 991 coheredibus,

253 996 337 1035 Quos
362 999 408 1037 tu,
431 996 488 1028 lux
512 995 715 1038 indefectiva,

254 1043 367 1074 Vultus
392 1043 439 1074 tui
464 1044 534 1075 luce
558 1043 632 1075 viva

297 1089 407 1122 Pascis
430 1090 464 1121 in
489 1090 686 1123 sublimibus.

249 1175 332 1217 Ave,
356 1176 440 1214 Iesu,
466 1178 542 1206 tunc
565 1175 598 1207 in
624 1176 711 1207 caelo

251 1222 427 1254 Veritatem
452 1223 521 1254 sine
545 1222 617 1254 velo

297 1270 389 1303 Nova
412 1270 534 1309 pandet
559 1270 681 1310 civitas,

251 1317 346 1350 Cuius
370 1326 435 1349 non
454 1316 643 1349 claudentur
657 1319 781 1356 portae,

254 1364 317 1397 Ubi
342 1365 408 1396 vita
432 1365 500 1396 sine
523 1367 636 1406 morte,

297 1412 361 1446 Ubi
387 1420 508 1444 summa
533 1412 661 1446 caritas,

246 1497 328 1538 Ave,
353 1497 437 1537 10511,
465 1497 561 1529 decor
584 1497 640 1528 ille

251 1543 367 1575 Vincet
390 1544 461 1575 luce
485 1545 568 1576 soles
593 1544 681 1575 mille

297 1591 367 1623 Nec
390 1591 487 1623 habet
512 1591 674 1633 caligines,

248 1638 350 1671 Urbis
374 1637 468 1670 huius
493 1639 581 1671 claro
605 1637 705 1670 fundo

250 1686 341 1717 Tunc
365 1687 549 1717 sternentur
569 1694 646 1717 auro
660 1686 778 1718 mundo

295 1734 479 1766 Plateamm
504 1732 644 1766 ordineS.

248 1821 329 1862 Ave,
354 1820 438 1860 Iesu,
466 1819 553 1851 cuius
577 1826 683 1850 muros

245 1868 335 1900 Auro
359 1866 545 1907 perlucente
567 1874 665 1905 puros

293 1916 471 1948 Venustant
496 1913 671 1954 chrysoliti,

245 1963 405 1995 Viridium
428 1961 680 2002 smaragdorum,

246 2010 402 2043 Claritate
426 2009 623 2050 beryllorum

290 2059 342 2091 Ex
366 2057 499 2091 alternis
522 2056 634 2089 incliti.

160 2156 216 2188 43.
240 2154 321 2196 Ave,
347 2154 434 2194 Iesu,
457 2152 503 2184 ibi
526 2153 617 2183 zetae

244 2200 431 2242 Margaritis
456 2201 592 2232 vernant
614 2199 708 2240 laete,

290 2249 342 2282 Ibi
365 2250 458 2289 grata
482 2248 558 2288 otia,

242 2296 294 2329 Ibi
317 2295 450 2329 laudum
473 2296 556 2328 odae
579 2296 704 2335 sonant,

245 2344 333 2383 Quae
356 2343 502 2378 laudanti
523 2342 613 2375 mille
639 2342 758 2374 donant

291 2391 487 2424 Gaudiorum
511 2390 638 2432 gaudia.

857 219 913 252 44.

855 538 910 570 45.

852 857 908 888 46.

852 1176 908 1209 47.

848 1496 905 1529 48.

849 1818 903 1851 49.

848 2150 904 2183 50.

939 219 1020 260 Ave,
1044 217 1126 258 Iesu,
1153 226 1245 257 quam
1270 217 1366 251 beata

937 265 1086 299 Caritatis
1111 273 1187 297 auro
1212 267 1314 297 strata

985 312 1059 344 Sion
1083 312 1141 342 illa
1164 311 1286 353 rutilat,

938 360 976 392 In
1000 368 1061 399 qua
1086 361 1192 390 coetus
1214 358 1377 391 beatorum

938 406 1049 438 Ghoris
1075 406 1191 437 mixtus
1215 406 1398 445 angelorum

983 453 1031 485 Te
1052 452 1212 484 laudando
1236 452 1360 485 iubilat.

937 538 1018 579 Ave,
1043 538 1126 580 Iesu,
1153 537 1228 569 Sion
1251 537 1318 579 illa,

937 584 1028 616 Pacis
1055 584 1143 616 dives
1168 587 1200 615 et
1223 584 1404 624 tranquilla,

982 631 1152 663 Rutilescit
1174 630 1316 672 floribus,

936 677 986 709 Ibi
1010 677 1078 709 dies
1103 686 1228 717 semper
1250 679 1351 720 verni,

935 725 1048 756 Flores
1072 725 1195 763 spirant
1219 726 1402 764 sempiterni

981 771 1088 803 Variis
1113 770 1273 803 odoribus.

934 856 1014 897 Ave,
1040 855 1122 896 Iesu,
1148 856 1192 887 ibi
1217 864 1318 897 rosae,

936 903 1019 942 Quas
1044 902 1096 933 hic
1119 903 1229 935 mortis
1254 904 1414 943 pretiosae

980 950 1175 989 Purpuravit
1199 950 1326 985 caritas,

934 997 1088 1029 Liliorum
1114 997 1233 1029 candor
1255 997 1312 1038 ibi,

935 1043 1020 1082 Quae
1043 1046 1232 1075 suavescunt
1255 1052 1375 1075 summe
1391 1044 1450 1075 tibi

981 1090 1153 1130 Virginalis
1176 1091 1316 1124 castitas.

932 1176 1013 1217 Ave,
1037 1174 1122 1216 Iesu,
1147 1175 1193 1206 ibi
1217 1176 1295 1207 satis

933 1223 971 1254 In
996 1223 1094 1255 odore
1117 1221 1283 1254 suavitatis

978 1269 1134 1308 Fraglant
1158 1269 1256 1301 corda
1278 1270 1376 1312 mit-ia,

931 1317 970 1348 In
985 1317 1047 1349 hoc
1061 1317 1179 1348 mundo
1193 1325 1273 1357 quae
1284 1317 1458 1358 mundavit,

931 1365 963 1395 A
986 1364 1126 1404 peccatis
1153 1363 1294 1403 expiavit

980 1412 1064 1444 Vera
1087 1411 1292 1450 paenitentia.

930 1496 1011 1537 Ave,
1035 1495 1119 1537 Iesu,
1138 1505 1203 1535 pax
1228 1498 1276 1527 est
1300 1496 1373 1528 viva

931 1543 992 1583 Ibi,
1017 1543 1099 1583 iugis
1125 1546 1156 1574 et
1179 1543 1287 1575 votiva

979 1590 1160 1623 Gratiarum
1185 1590 1279 1631 actio,

929 1637 981 1669 lbi
1000 1637 1106 1669 nudae
1132 1638 1288 1678 veritatis,

932 1685 1105 1724 Rigorosae
1128 1684 1296 1725 aequitatis

978 1732 1090 1764 Suavis
1116 1732 1296 1764 admiratio.

929 1817 1010 1858 Ave,
1034 1816 1118 1857 Iesu,
1141 1816 1188 1848 ibi
1211 1816 1303 1848 bonis

930 1865 1001 1897 Lux
1027 1863 1153 1896 divinae
1177 1863 1310 1896 rationis

974 1911 1170 1952 Resplendet
1193 1913 1229 1943 ut
1252 1912 1426 1954 speculum,

928 1959 1007 1992 Cum
1029 1967 1094 1991 non
1117 1962 1201 1991 esset
1226 1962 1382 2001 creatura,

929 2007 968 2039 In
993 2015 1053 2047 quo
1077 2009 1184 2038 tamen
1207 2009 1242 2038 ut
1267 2005 1374 2040 futura

976 2056 1047 2087 Hoc
1069 2054 1199 2087 vivebat
1222 2055 1393 2088 saeculum.

929 2150 1009 2191 Ave,
1033 2149 1117 2190 Iesu,
1142 2149 1197 2181 lux
1220 2150 1388 2190 stupenda,

928 2197 1011 2229 Fide
1036 2196 1142 2229 cordis
1166 2196 1366 2239 inquirenda,

975 2244 1108 2285 Spiritu,
1132 2253 1196 2276 non
1221 2245 1326 2284 ocu103

926 2292 1033 2324 Mater
1057 2292 1149 2333 lucis,
1175 2291 1225 2324 fac
1250 2292 1374 2325 sincere

926 2339 1045 2373 Lucem
1069 2340 1157 2372 illam
1181 2347 1239 2372 nos
1264 2340 1374 2372 videre

972 2388 1010 2420 In
1035 2386 1141 2420 futuro
1166 2387 1303 2420 saeculo.
