1650 2612
214 221 270 253 42.
297 220 377 261 Ave,
405 223 493 255 cuius
518 223 655 257 thalamo

342 267 440 301 iudex
466 272 515 301 est
539 279 692 311 egressuS,

297 315 415 348 Causas
440 317 494 357 qui
520 317 717 359 determinat,

341 363 483 396 vindicat
508 373 663 409 excessus,

294 409 357 441 Per
381 419 473 450 quem
498 413 611 444 mentis
636 415 743 447 oeulos

342 459 483 491 tenebris
508 468 677 498 oppressus

294 503 417 547 Discat,
444 507 478 537 ut
500 506 534 537 in
559 507 677 540 lumine

344 560 417 584 suos
442 556 540 593 ponat
565 563 700 594 gressus,

222 620 279 651 43.
305 618 384 661 Ave,
411 619 498 650 euius
524 618 607 652 filius

345 668 492 707 protegat
517 670 654 708 egentes,

296 711 431 753 Adfligit
454 715 486 745 et
508 714 670 753 improbos

342 759 377 791 in
402 770 459 792 nos
484 760 692 801 insurgentes,

297 806 365 847 Pie,
392 816 519 847 quaeso,
547 808 663 850 dirigat

343 857 468 886 nostras
493 855 526 886 in
551 864 587 887 se
611 859 730 888 mentes

299 901 514 940 Reprimendo
538 903 698 935 turbinum

342 951 444 981 motus
466 949 674 983 imminentes.

214 1015 270 1046 44.
296 1014 377 1056 Ave,
403 1024 461 1054 per
487 1024 579 1054 quam
604 1016 728 1056 genitor

344 1062 472 1094 verbum
501 1064 666 1103 eructavit,

297 1109 447 1149 Verbum,
475 1110 558 1148 quod
582 1110 761 1142 hominibus

341 1164 376 1187 se
402 1158 662 1196 contemperavit,

294 1203 352 1242 Qui
377 1203 440 1235 Dei
465 1206 497 1234 et
522 1204 679 1236 hominum

342 1249 474 1282 foedera
499 1250 632 1282 dictavit

293 1297 339 1329 Et
359 1307 419 1337 pro
444 1297 534 1329 nobis
559 1299 695 1331 moriens

342 1348 473 1376 mortem
499 1346 660 1385 relegavit.

212 1412 269 1444 45.
295 1411 376 1452 Ave,
399 1412 636 1444 tabernaculum

338 1458 466 1491 Domini
490 1460 653 1500 virtutum,

292 1506 329 1537 In
355 1515 415 1545 quo
440 1514 565 1538 sumens
590 1507 743 1539 Dominus

343 1554 447 1584 carnis
473 1556 601 1585 nostrae
626 1555 735 1598 lutum,

295 1600 341 1633 Ut
367 1601 526 1639 captivum
551 1602 688 1633 redimat

340 1656 400 1687 ope
427 1647 621 1690 destitutum,

293 1695 414 1726 Arcum
440 1694 533 1727 fortis
559 1696 692 1728 conterit

345 1745 376 1773 et
402 1742 559 1774 comburit
582 1746 714 1776 scutum.

209 1812 265 1843 46.
290 1810 372 1849 Ave,
401 1810 488 1840 cuius
513 1808 596 1841 filius

344 1859 457 1897 regnat
481 1865 578 1896 super
600 1860 719 1899 gentes,

293 1904 389 1938 Cuius
413 1904 556 1943 psallunt
579 1905 697 1936 nomini

341 1952 486 1984 manibus
511 1952 709 1992 plaudentes,

590 2028 786 2061 Secunda

237 2088 269 2121 1.
294 2086 376 2126 Ave,
402 2095 458 2118 vas
483 2086 658 2118 munditiae

340 2134 503 2166 continens
527 2136 729 2175 unguentum,

292 2182 419 2214 Veteris
441 2181 583 2213 malitiae

342 2230 518 2269 reprimens
544 2228 727 2268 fomentum,

294 2277 407 2310 Cordis
432 2277 533 2309 nostri
559 2276 731 2316 comprime

339 2327 457 2357 motum
483 2324 709 2363 turbulentum,

296 2373 384 2405 Tuae
409 2372 501 2405 nobis
526 2372 649 2412 gratiae

341 2419 506 2453 conferens
531 2421 742 2461 augmentum.

890 435 946 466 47.

891 831 947 863 48.

889 1226 945 1257 49.

892 1623 944 1656 50.

822 127 888 165 157
939 151 982 155 -

970 227 1139 259 Iubilemus
1163 227 1260 267 igitur

1017 274 1191 306 attollendo
1215 277 1346 313 mentes,

971 319 1135 354 Indefesse
1160 320 1256 362 capiti

1008 367 1143 408 ,Christo
1170 369 1381 400 cohaerentes.

971 437 1050 473 Ave,
1079 434 1165 475 virgo
1190 442 1343 474 generans

1019 489 1122 520 regem
1148 481 1382 521 sempiternum,

973 528 1093 567 Quique
1116 528 1202 560 Deus
1224 529 1332 559 noster
1357 529 1415 565 est,

1019 575 1104 608 Deus
1129 575 1162 607 in
1186 577 1356 613 aeternum,

974 623 1032 662 Qui
1055 631 1114 661 pro
1137 622 1227 654 nobis
1251 621 1386 652 moriens

1019 669 1136 708 spoliat
1159 669 1327 708 infernum,

975 716 1093 749 Solium
1117 725 1174 747 nos
1199 715 1319 747 faciens

1020 763 1174 795 scandere
1195 771 1375 802 supernum.

972 830 1052 868 Ave,
1078 832 1216 861 nostrum
1243 828 1402 869 gaudium,

1019 878 1145 908 nostrae
1169 884 1241 915 spes
1264 875 1384 914 salutis,

972 924 1035 955 Per
1059 932 1151 962 quam
1177 923 1278 955 caeeis
1302 923 1448 954 redditur

1018 971 1072 1002 lux
1097 973 1126 1001 et
1152 978 1254 1002 sermo
1277 970 1382 1008 mutis,

972 1017 1071 1049 Nobis
1095 1017 1292 1048 innocentiae

1019 1064 1159 1095 vestibus
1185 1063 1286 1096 exutis

971 1111 1094 1150 Redde,
1122 1119 1247 1152 quaeso,
1274 1111 1407 1150 gratiam

1019 1160 1051 1189 et
1074 1161 1187 1189 statum
1214 1157 1350 1189 virtutis.

971 1225 1050 1263 Ave,
1076 1224 1261 1255 salutarium

1017 1280 1137 1302 summa
1162 1271 1356 1311 gaudiorum,

972 1318 1168 1350 Salvatorem
1194 1326 1348 1358 generans

1019 1368 1050 1397 et
1073 1365 1176 1396 Deum
1202 1366 1341 1406 deorum,

971 1413 1030 1451 Qui
1055 1412 1201 1444 misertus
1226 1413 1350 1443 miseris

1018 1462 1049 1492 et
1074 1468 1201 1492 consors
1223 1468 1331 1491 eorum

972 1507 1088 1547 Culpas
1112 1508 1221 1539 lavans
1246 1507 1378 1546 pertulit

1018 1563 1137 1594 poenas
1161 1559 1373 1595 peccatorum.

971 1622 1051 1659 Ave,
1079 1621 1177 1663 virgo,
1205 1621 1329 1662 generis

1020 1669 1120 1700 nostri
1144 1669 1297 1700 miserere

973 1716 1018 1748 Et
1042 1716 1219 1755 languentis
1245 1716 1368 1748 animae

1021 1762 1147 1794 morbos
1171 1764 1306 1805 intuere,

972 1811 1021 1842 Tu
1045 1810 1176 1842 miserta
1199 1810 1324 1841 miseris

1023 1859 1054 1889 et
1080 1866 1243 1898 compassa
1268 1866 1353 1896 vere,

975 1904 1082 1937 Morbi
1108 1913 1217 1937 causas
1243 1903 1391 1937 auferens

1020 1952 1178 1984 mentibus
1202 1953 1340 1985 medere.

819 2031 847 2070 Q
854 2040 876 2061 u
884 2038 904 2061 a
913 2030 933 2061 d
947 2039 963 2061 r
972 2038 991 2061 a
999 2039 1018 2069 g
1027 2038 1075 2061 en
1084 2038 1113 2061 a.

921 2089 951 2119 2.
977 2087 1056 2127 Ave,
1083 2087 1185 2119 nostri
1210 2087 1334 2127 generis

1024 2143 1140 2174 parens
1165 2135 1206 2166 ad
1231 2135 1373 2174 tutelam,

976 2181 1071 2223 Audi,
1097 2191 1189 2221 quam
1216 2180 1412 2224 effundimus,

1023 2230 1156 2271 gemitus
1179 2229 1349 2271 loquelam,

976 2277 1034 2316 Tu,
1062 2279 1220 2317 corrumpi
1244 2278 1361 2317 nescia,

1023 2325 1103 2356 tolle
1129 2326 1341 2365 corruptelam

973 2372 1018 2404 Et
1042 2372 1196 2404 morbosis
1222 2373 1378 2405 mentibus

1023 2420 1141 2453 adhibe
1164 2420 1330 2455 medelam.
