1650 2612
181 535 235 566 34.

176 857 231 888 35.

173 1176 227 1208 36.

173 1498 227 1531 37.

173 1821 229 1852 38.

172 2154 226 2186 39.

717 126 945 160 —59-

262 215 342 255 Ave,
367 217 452 257 Iesu,
478 217 532 248 lux
558 218 689 259 dierum,

264 261 323 300 Qui
347 264 506 302 temperas
531 264 616 295 vices
642 274 745 297 rerum

309 309 481 341 Accinctus
506 312 658 351 potentia,

261 355 367 388 Imbre
391 359 510 388 terram
535 358 685 398 inebrias,

263 402 453 435 Hominibus
481 404 610 436 delicias

310 450 488 491 Praeparas
514 460 552 483 ex
577 453 689 492 gratia.

263 535 344 578 Ave,
371 536 445 568 Iesu
471 536 651 580 laudabilis,

265 581 406 615 Consilio
432 583 584 615 terribilis

306 629 409 670 Super
433 632 523 661 natos
548 630 718 669 hominum,

262 677 309 707 Te
333 677 500 709 laudamus
525 677 700 718 iubilando,

260 722 454 756 Confitentes
481 724 662 755 venerando

310 770 398 802 Caeli
424 772 529 801 terrae
553 770 734 803 Dominum.

259 856 339 895 Ave,
366 856 449 896 Iesu,
474 855 636 894 miserere,

260 902 372 934 Nostri
397 910 520 943 quoque
544 902 724 943 recordare,

308 948 452 981 Benedic
477 952 509 980 et
534 949 644 992 dirige,

264 996 308 1028 Ut
333 1000 364 1028 te
387 998 490 1029 Deum
517 997 683 1036 diligamus

261 1043 305 1075 Et
329 1047 402 1083 post
427 1045 559 1074 mortem
586 1044 787 1075 convivamus

307 1091 436 1130 Tecum,
462 1093 497 1120 tu
521 1099 578 1121 nos
604 1090 699 1130 erige.

254 1177 334 1215 Ave,
360 1177 452 1215 pater
476 1175 699 1216 orphanorum,

257 1222 443 1255 Consolator
467 1222 664 1261 miserorum,

303 1270 477 1301 Miserator
498 1277 684 1309 pauperum,

256 1317 315 1357 Tu,
342 1318 424 1356 Iesu,
449 1324 481 1347 es
506 1325 595 1347 mons
621 1316 784 1356 montium,

256 1364 428 1396 Humilitas
451 1363 625 1405 humilium,

305 1411 480 1443 Relaxator
504 1411 668 1442 scelerum.

255 1498 336 1538 Ave,
361 1497 445 1538 Iesu,
471 1496 524 1535 qui
549 1495 672 1527 cibatus

256 1544 301 1575 Es
324 1553 383 1584 pro
406 1543 498 1576 nobis
524 1546 556 1574 et
579 1546 708 1582 potatus

304 1593 340 1623 In
367 1590 589 1628 amaritudine,

256 1638 326 1670 Non
353 1640 479 1670 avertas
505 1646 525 1668 a
548 1636 654 1677 pueris

258 1686 386 1717 Vultum
413 1687 511 1724 tuum,
539 1692 608 1715 cum
634 1684 752 1715 videris

302 1732 448 1765 Nudatos
472 1732 636 1763 velamine.

255 1821 335 1860 Ave,
362 1820 436 1851 Iesu
460 1819 694 1855 convertantur,

254 1867 465 1905 Erubescant,
494 1866 705 1906 conterantur,

303 1914 362 1953 Qui
387 1921 438 1945 me
462 1915 617 1953 quaerunt
635 1912 781 1951 perdere,

254 1962 323 2001 Ego
352 1962 462 1993 dolens
488 1962 520 1991 et
545 1967 669 2002 egenus,

255 2009 352 2048 Quem
377 2008 523 2048 inquinat
541 2007 645 2038 carnis
666 2005 778 2045 Venus,

304 2056 354 2088 Ne
377 2064 429 2088 me
452 2054 549 2087 libem
574 2054 685 2086 libere.

255 2154 335 2193 Ave,
362 2152 446 2193 Iesu,
473 2150 523 2181 cui
550 2150 700 2189 canimus,

253 2200 349 2233 Cuius
374 2207 465 2242 opem
492 2197 668 2238 expetimus

298 2246 433 2279 Devotis
464 2245 666 2285 carminibus,

254 2295 359 2335 Purga
384 2296 505 2325 mentes
532 2295 564 2324 et
588 2292 674 2323 labia

254 2342 347 2375 Sonis
374 2341 432 2373 tibi
455 2340 635 2382 praeconia,

300 2389 345 2421 Ut
368 2388 540 2420 reddamus
567 2386 722 2420 dulcibus

862 223 919 255 40.

859 541 914 573 41.

860 858 916 889 42.

857 1179 912 1209 43.

853 1499 908 1530 44.

854 1819 909 1850 45.

853 2150 909 2181 46.

943 222 1022 261 Ave,
1050 220 1135 252 cuius
1160 221 1333 259 potentiam

942 268 1043 308 Reges
1070 269 1102 299 et
1124 267 1308 306 sapientiam

988 314 1192 346 Venerantur
1216 315 1385 354 supplices,

940 363 987 394 Te
1011 367 1171 402 magnates
1198 362 1452 402 contremiscunt,

942 410 1071 442 Vultum
1094 411 1180 439 tuum
1207 409 1433 448 concupiscunt

988 456 1074 488 Caeli
1100 457 1205 486 terrae
1231 456 1401 495 supplices

940 541 1018 583 Ave,
1047 541 1131 579 Iesu,
1157 540 1209 579 qui
1234 540 1333 571 bonus
1359 549 1401 580 es,

938 586 1024 618 Deus
1050 588 1140 618 homo
1167 587 1219 626 qui
1244 585 1346 618 factus
1372 596 1415 627 es,

989 633 1032 665 Ut
1058 634 1197 665 salvares
1223 634 1337 673 omnia,

942 679 1003 711 Gor
1029 690 1047 711 a
1071 679 1161 712 nobis
1185 681 1345 719 lapideum

943 725 1043 757 Aufer
1068 730 1099 758 et
1125 727 1166 758 da
1191 735 1245 758 cor
1270 736 1416 759 carneum

989 773 1049 806 Pro
1074 777 1129 804 tua
1153 773 1328 808 clementia.

942 859 1021 897 Ave,
1047 859 1128 900 Iesu,
1156 865 1276 889 memor
1300 860 1366 889 esto

940 905 1028 936 Tuae
1051 905 1164 945 gentis,
1190 904 1267 935 mihi
1291 908 1410 936 maesto

988 951 1037 983 Da
1063 952 1198 983 caeleste
1222 952 1406 992 praemium,

938 998 1025 1030 Leva
1050 1005 1174 1029 manum
1201 1001 1311 1030 eontra
1334 1002 1442 1038 gentes

938 1046 1117 1077 Adversum
1142 1054 1198 1076 nos
1224 1046 1380 1085 erigentes

985 1092 1126 1133 Linguae
1151 1101 1226 1123 suae
1250 1092 1400 1131 gladium.

940 1179 1017 1214 Ave,
1045 1177 1127 1215 Iesu,
1154 1176 1207 1215 qui
1231 1177 1382 1216 populum

939 1224 1083 1256 Caeleste
1109 1222 1228 1254 donans
1254 1224 1403 1262 poculum

985 1270 1120 1303 Instruis
1145 1270 1319 1312 humiliter,

938 1317 981 1349 Ni
1005 1326 1056 1348 me
1081 1317 1217 1348 clemens
1239 1319 1416 1357 respexeris

936 1364 981 1396 Et
1003 1365 1150 1396 iuvamen
1175 1364 1329 1406 intuleris,

985 1411 1108 1443 Labens
1136 1411 1246 1443 cadam
1273 1412 1422 1451 graviter.

935 1498 1014 1538 Ave,
1041 1498 1122 1535 Iesu,
1150 1496 1201 1535 qui
1228 1496 1371 1527 omnibus

936 1544 1051 1575 Praees
1079 1542 1137 1574 diis
1163 1551 1201 1574 ac
1225 1543 1381 1585 gentibus,

982 1591 1051 1622 Rex
1078 1590 1224 1633 clemens,
1251 1590 1406 1630 amabilis,

935 1637 1095 1677 Quidquid
1125 1637 1211 1668 caelo
1237 1637 1414 1668 continetur

939 1685 994 1716 Vel
1019 1685 1051 1716 in
1077 1684 1171 1715 terris
1196 1684 1387 1724 possidetur,

981 1731 1100 1763 Factor
1126 1739 1158 1762 es
1182 1731 1363 1764 laudabilis,

936 1817 1016 1856 Ave,
1045 1815 1111 1847 cuis
1133 1816 1330 1855 principatus

937 1863 1183 1903 comprehendit
1206 1863 1315 1894 mundi
1341 1866 1442 1895 status

982 1911 1038 1943 Sui
1064 1910 1290 1951 magnitudine,

935 1959 987 1991 Ad
1011 1961 1041 1989 te
1066 1961 1112 1989 tu1
1137 1966 1206 1988 cum
1231 1966 1338 1989 amore

934 2006 1126 2039 Perveniunt
1151 2007 1183 2036 et
1206 2005 1326 2037 honore

982 2053 1122 2086 Colorati
1145 2053 1307 2092 sauguine.

936 2149 1016 2190 Ave,
1042 2149 1124 2190 Iesu,
1152 2147 1239 2179 cuius
1265 2156 1407 2188 regnum,

933 2195 1004 2227 Non
1041 2194 1193 2227 caducum
1218 2195 1275 2226 sed
1300 2197 1460 2227 aeternum

982 2243 1132 2275 Creditur
1157 2242 1196 2273 ab
1222 2242 1377 2283 omnibus,

934 2290 992 2329 Qui
1017 2293 1050 2322 te
1074 2292 1140 2321 toto
1167 2290 1263 2321 corde
1288 2290 1423 2321 credunt

932 2337 1034 2369 Deum
1060 2345 1166 2378 regem
1190 2345 1249 2368 nec
1276 2337 1461 2369 discredunt

980 2385 1132 2417 Praeesse
1158 2384 1360 2417 caelestibus.
