1650 2612
674 122 904 158 „19-

150 213 207 244 24.
231 212 332 244 Dulce
345 212 475 253 lignum,
490 221 609 245 merum
622 216 759 260 dignum,

152 618 207 649 25.

150 1023 205 1055 26.

147 1427 202 1459 27.

145 1832 200 1864 28.

142 2241 197 2273 29.

281 258 436 291 Mundum
464 260 584 292 donans
606 261 722 296 finibus

234 305 383 346 Orientis,
409 307 581 339 occidentis

279 352 325 385 Et
350 353 484 386 desertis
509 355 677 397 montibus,

232 400 296 432 Per
319 402 351 431 te
375 401 455 432 meri
482 402 559 434 dans
585 403 700 435 sinceri

282 446 418 479 Calicem
444 448 632 493 hominibus,

234 494 300 526 Nos
325 503 344 526 a
368 493 458 527 faece
480 505 538 529 sua
561 505 639 528 nece

282 540 393 574 Servet
420 545 450 574 et
475 553 494 575 a
517 544 675 577 sordibus.

234 616 336 649 Dulce
362 617 490 659 lignum,
517 627 577 659 quo
605 619 736 652 devotus

278 664 384 695 Duros
409 665 515 697 hostes
542 666 670 708 domuit,

233 710 292 750 Qui
317 711 438 742 Iudaea
461 712 547 743 Deus
572 715 664 744 notus

279 757 431 798 Magnum
457 766 570 790 nomen
593 758 715 801 habuit,

234 803 423 837 Morientem
450 808 482 836 et
506 808 695 847 surgentem,

280 851 379 890 Quem
404 855 490 884 terra
515 854 702 885 contremuit

232 899 296 930 Det
317 898 459 939 implere,
486 899 569 939 quod
594 909 709 933 vovere

280 945 366 977 Deus
389 955 446 977 nos
473 947 610 980 edocuit.

231 1020 334 1053 Dulce
356 1020 486 1061 lignum,
512 1030 572 1061 quo
598 1022 745 1055 virtutem

278 1067 372 1099 Suam
397 1070 502 1099 notam
527 1066 658 1110 fecerat,

231 1114 290 1154 Qui
317 1114 457 1154 captivos
484 1116 525 1147 ad
551 1116 684 1147 salutem

277 1161 339 1192 Per
361 1170 484 1193 crucem
510 1162 699 1205 redemerat,

231 1208 307 1241 Cum
334 1209 470 1248 antiquis
494 1210 629 1241 inimicis

276 1255 342 1287 Nos
367 1256 399 1287 in
426 1257 522 1288 corde
545 1257 691 1289 vulnerat

230 1302 275 1335 Et
299 1303 446 1334 virtutem
473 1307 505 1335 et
528 1304 661 1336 salutem

277 1349 363 1381 Deus
389 1350 479 1382 nobis
506 1350 658 1384 conferat.

230 1425 332 1457 Dulce
354 1425 473 1466 lignum
499 1426 695 1459 dulcoratum

276 1471 417 1512 Corpore
443 1474 609 1516 dominico,

228 1520 361 1552 Dulcem
385 1520 477 1552 nobis
504 1521 583 1553 dans
606 1521 752 1554 ducatum

276 1567 315 1598 In
342 1567 467 1599 deserto
491 1568 635 1610 mystico,

229 1614 287 1654 Qui
313 1623 370 1645 nos
395 1615 475 1646 mari
500 1614 683 1655 naufragari

276 1660 383 1692 Voluit
406 1661 594 1703 Aegyptico,

228 1707 332 1740 Nobis
358 1717 434 1739 sane
460 1708 522 1741 frui
546 1718 628 1748 pane

276 1755 439 1788 Concedat
463 1756 615 1797 angelico.

226 1831 330 1863 Dulce
353 1831 483 1874 lignum,
511 1841 571 1872 quo
596 1833 749 1872 pependit

275 1878 386 1910 Dulcis
411 1879 471 1910 Dei
496 1879 591 1922 filius,

227 1926 269 1958 Se
292 1935 352 1966 pro
377 1926 468 1958 nobis
495 1936 563 1959 cum
588 1927 747 1968 impendit

275 1973 419 2005 Peccatis
444 1974 612 2016 propitius,

225 2021 360 2053 Nostras
385 2024 506 2053 mentes
531 2022 709 2062 polluentes

273 2068 391 2100 Gentes
416 2070 513 2108 pellat
539 2070 663 2110 longius

225 2117 294 2149 Nec
319 2117 482 2157 culparum
508 2117 706 2157 antiquarum

272 2164 472 2196 Recordetur
496 2165 643 2204 amplius.

225 2240 328 2273 Dulce
352 2240 479 2285 lignum,
507 2249 568 2282 quo
593 2241 752 2281 plantavit

273 2287 386 2319 Veram
412 2287 500 2321 Deus
526 2288 660 2329 vineam,

224 2336 306 2368 Suae
331 2336 405 2367 vitis
432 2345 501 2368 oum
525 2336 650 2377 potavit

271 2383 434 2417 Potionem
461 2383 599 2423 feneam,

830 433 884 465 30.

825 833 880 866 31.

823 1237 877 1269 32.

823 1644 878 1676 33.

822 2049 876 2081 34.

912 216 1028 248 Botrus
1054 216 1127 249 vitis
1151 225 1283 256 poenam
1306 216 1375 248 sitis

959 265 1132 303 Perpessus
1157 266 1362 303 spontaneam

911 312 996 343 Vera
1017 311 1101 343 vitae
1120 310 1211 342 nobis
1236 311 1301 344 vite

958 357 1049 390 Sitim
1076 357 1127 389 det
1151 358 1308 391 idoneam.

910 432 1012 464 Dulce
1034 433 1164 473 lignum,
1190 441 1250 472 quo
1276 441 1402 464 suorum

957 481 1106 512 Fratrum
1129 480 1178 510 ira
1202 480 1358 521 venditus,

911 527 1013 558 Verus
1038 526 1153 565 Ioseph
1178 528 1404 558 tormentorum

955 574 1066 605 Poena
1090 575 1139 604 est
1162 574 1333 614 expositus,

910 619 986 651 Cum
1011 629 1068 651 nos
1092 620 1207 659 premit
1227 621 1431 660 cophinorum

955 667 1039 698 Onus
1065 666 1131 698 sive
1155 667 1301 707 servitus,

907 712 1103 744 Libertatem
1130 713 1184 744 det
1209 714 1365 745 caelorum

955 759 1068 799 Ioseph
1093 759 1175 790 liber
1200 761 1355 793 redditus,

907 833 1008 865 Dulce
1032 835 1164 876 lignum,
1189 835 1221 866 in
1248 844 1308 874 quo
1336 834 1411 867 deos

952 881 1039 913 Deus
1064 881 1110 913 sic
1136 882 1300 922 diiudicat,

906 928 994 966 Quod
1022 929 1138 961 virtute
1161 929 1242 961 mira
1264 938 1335 961 reos

953 975 1104 1007 Homines
1130 975 1267 1016 deificat,

907 1022 1024 1060 Quibus
1049 1031 1162 1054 nomeu
1188 1026 1220 1054 et
1243 1023 1391 1055 virtutem

951 1069 1096 1101 Nominis
1122 1070 1338 1111 communicat,

908 1115 989 1147 Suae
1013 1117 1091 1148 lucis
1118 1117 1173 1148 det
1195 1118 1338 1158 salutem,

953 1164 1020 1202 Qua
1044 1172 1116 1195 suos
1141 1163 1308 1203 glorificat.

904 1237 1006 1270 Dulce
1029 1239 1158 1282 lignum,
1185 1240 1272 1270 cuius
1297 1240 1420 1279 signum

950 1285 1012 1317 Dei
1035 1286 1260 1326 patrimonium

905 1332 956 1364 Ab
981 1333 1099 1365 insultu
1123 1337 1154 1364 et
1179 1334 1322 1365 consultu

954 1380 1067 1412 Servat
1089 1380 1337 1423 malignantium,

905 1427 941 1459 In
969 1427 1115 1467 malignis
1141 1428 1247 1467 gravis
1271 1428 1344 1467 ignis

952 1475 1028 1507 Cum
1055 1473 1137 1506 furet
1161 1474 1353 1513 incendium,

903 1520 969 1553 Nos
995 1521 1153 1554 vindictae
1178 1523 1243 1553 tam
1264 1522 1429 1554 districtae

951 1568 1023 1600 Non
1049 1571 1159 1609 tangat
1182 1569 1345 1603 iudicium.

904 1642 1006 1675 Dulce
1030 1644 1158 1684 lignum,
1186 1653 1246 1684 quo
1273 1645 1389 1676 dilecta

950 1690 1010 1721 Dei
1035 1691 1240 1723 tabernacula

904 1737 1022 1769 Pandit
1047 1738 1190 1770 Christus
1215 1739 1247 1770 in
1273 1742 1379 1770 erecta

952 1785 1099 1816 Pandens
1126 1786 1227 1816 crucis
1253 1786 1392 1826 specula,

905 1830 978 1862 Sint
1001 1835 1105 1864 amota
1129 1841 1187 1871 per
1212 1835 1244 1864 te
1267 1836 1335 1865 tota

951 1880 1079 1911 Peccati
1101 1881 1262 1923 repagula,

904 1926 950 1959 Ut
974 1927 1016 1957 sit
1038 1927 1129 1959 homo
1154 1927 1214 1959 Dei
1241 1928 1333 1961 domo

950 1973 1066 2006 Beatus
1092 1974 1124 2005 in
1149 1976 1284 2007 saecula.

903 2049 1005 2082 Dulce
1029 2051 1158 2092 lignum,
1187 2051 1227 2083 de
1247 2061 1307 2092 quo
1335 2052 1429 2084 datur

951 2098 1045 2130 Nova
1067 2099 1258 2138 benedictio,

903 2144 947 2177 Et
972 2146 1118 2186 antiquae
1142 2147 1303 2179 relevatur

952 2192 1073 2233 Culpae
1096 2194 1288 2237 maledictio,

905 2240 1023 2279 Quibus
1046 2243 1138 2281 pater
1163 2242 1325 2282 mitigatur

950 2288 1114 2320 Mediante
1138 2288 1215 2330 filio,

902 2336 1010 2368 Omnis
1037 2338 1130 2376 culpa
1154 2337 1334 2369 remittatur

954 2383 1065 2416 Crucis
1089 2384 1254 2419 beneficiO.

1218 2439 1258 2468 2*
