1650 2612
713 127 755 133 —
806 108 969 143 232—

269 201 291 232 I-
333 203 356 239 1,
378 204 394 233 6
417 207 531 232 nostras
550 205 588 232 D.
613 219 649 222 —
672 202 695 237 1,
718 203 735 230 7
755 202 853 229 releva
872 202 908 229 D.
928 217 967 221 ——
988 200 1012 236 1,
1034 200 1052 229 8
1070 201 1142 228 felix
1161 201 1318 228 advocatus
1339 200 1413 234 AH3
1434 199 1481 226 de-

194 240 253 268 leat
271 245 368 269 reatus
387 243 424 270 F..
448 257 485 261 -
515 240 541 276 2,
561 240 578 268 6
599 243 715 269 conseia
733 242 850 276 peecata
871 240 912 273 A,
932 240 1063 267 conscios
1082 238 1146 266 DE.
1166 254 1203 258 ——
1222 238 1278 265 Str.
1300 235 1317 265 3
1337 238 1431 265 lautet
1450 238 1481 264 in

195 279 217 306 C
236 279 296 306 und
315 280 357 307 D:

213 336 246 363 G:
267 336 336 369 Ave,
358 338 439 363 ouius
459 335 536 362 filius
883 334 922 360 D:
944 333 1014 366 Ave,
1035 335 1117 360 euius
1136 332 1214 359 filius

305 375 405 401 mortis
425 381 443 399 a
462 381 566 408 sopore
976 372 1076 398 mortis
1096 378 1148 405 per
1167 379 1298 405 soporem

265 410 450 446 Resurgendo
471 411 566 446 gloria
937 409 1099 443 Resurgens
1120 409 1235 434 introiit

303 450 396 484 fulget
416 451 445 474 et
464 448 580 480 honore,
976 447 1104 482 corporis
1123 445 1269 480 honorem,

266 487 404 519 Christus,
426 487 475 520 qui
495 485 617 512 redemit
633 493 686 512 nos
938 484 1028 517 Quem
1049 492 1100 519 per
1118 485 1239 510 mortem
1259 484 1379 511 colimus

300 526 416 560 proprio
437 531 545 554 eruore.
974 523 1075 548 mortis
1096 520 1309 555 destructorem,

263 563 318 589 Per
337 564 366 588 'te
385 569 437 588 nos
458 561 564 595 eripiat
939 559 1073 586 Colamus
1090 561 1158 594 post
1176 560 1294 587 suavius

301 599 394 626 hostis
415 606 433 625 a
451 598 555 625 furore.
973 598 1054 624 vitae
1073 596 1248 624 collatorem.

189 655 213 689 5,
237 654 251 682 1
273 656 373 683 domus
392 654 459 681 fidei
477 653 506 680 C.
526 669 564 673 —
583 652 608 686 5,
623 651 641 679 2
660 654 796 689 templum
819 653 851 680 G.
871 668 909 672 —
928 652 953 685 6,
969 652 985 680 5
1008 654 1032 681 A
1053 654 1180 689 peccatis
1200 654 1341 681 omnibus.
1361 669 1400 673 —
1419 652 1445 687 7,
1460 652 1477 681 3

188 694 274 720 iudex
294 694 407 729 patiens
422 692 458 719 D.
479 705 515 709 —
535 690 560 725 7,
575 689 595 718 4
614 692 707 718 iustus
728 694 815 726 atque
835 691 917 718 fortis
931 692 967 718 D.
986 706 1022 710 —
1039 690 1065 724 7,
1080 688 1097 718 5
1112 693 1282 718 convertens
1297 694 1380 718 eruat
1393 692 1424 720 O.
1438 706 1476 710 —

188 730 213 764 7,
238 730 254 758 7
274 732 419 759 Evasores
440 730 480 762 D3
501 729 542 756 Et
560 731 672 755 avertat
692 729 722 756 C.
751 744 786 748 —
812 726 838 761 9,
861 727 876 755 1
896 729 964 762 Ave,
988 729 1059 756 Sion
1078 727 1141 755 filia
1164 729 1194 755 Ο.
1224 743 1259 747 --
1277 727 1302 763 9,
1324 727 1341 755 2
1362 730 1396 756 de
1417 737 1475 766 qua

188 768 262 805 legis
283 769 313 796 O.
333 783 371 787 -—
393 768 449 795 Str.
469 764 487 794 8
508 766 567 793 und
589 765 622 794 10
642 767 740 794 lauteri
760 767 791 792 in
814 765 848 792 C:

215 822 242 852 8.
262 824 332 857 Ave,
354 823 462 851 Christi
481 823 601 850 Domini
871 821 914 850 10.
934 823 1004 857 Ave,
1026 831 1107 850 mons
1127 823 1266 856 iustitiae,

298 864 429 897 genetrix
449 861 547 894 electa,
972 861 1108 896 templum
1133 862 1305 893 sanctitatis,

262 900 350 932 Caeli,
367 900 444 931 luna,
466 899 561 925 sidera
935 899 1053 926 Caelum
1073 899 1150 925 facta
1168 897 1287 933 gloriae,

299 946 349 973 per
369 945 453 972 quem
476 939 544 963 sunt
562 937 695 971 perfecta,
972 936 1054 963 sedes
1074 936 1245 967 maiestatis,

263 975 350 1002 Cuius
370 977 466 1002 iacent
487 974 609 1009 pedibus
935 974 1095 1009 Pauperem
1116 972 1194 1000 hunc
1213 975 1322 1008 respice

299 1014 397 1039 omnia
416 1012 553 1044 subiecta,
972 1012 1064 1038 oeulis
1086 1012 1186 1043 beatis,

262 1049 318 1081 Qui
341 1059 393 1077 nos
414 1057 464 1085 per
483 1051 512 1075 te
532 1049 639 1084 dirigat
935 1049 976 1076 Ut
996 1050 1135 1085 agnoscat
1153 1050 1267 1075 viscera

298 1088 335 1114 ad
355 1096 386 1114 se
406 1088 454 1114 via
473 1089 560 1113 recta.
971 1089 1070 1113 tantae
1089 1087 1216 1122 pietatis.

187 1143 230 1176 11,
251 1141 268 1171 3
289 1144 433 1171 salutante
453 1143 488 1169 D.
509 1157 546 1160 —
567 1141 610 1175 11,
631 1141 648 1169 5
668 1142 710 1169 fer
730 1141 848 1169 remedii
867 1142 903 1169 E.
923 1157 961 1161 —
981 1141 1025 1176 11,
1048 1143 1064 1169 7
1082 1143 1127 1171 Ne
1146 1144 1263 1169 sanctus
1277 1142 1312 1169 E.
1335 1158 1370 1162 -—
1392 1142 1434 1176 12,
1456 1142 1472 1170 5

186 1182 273 1209 Cuius
293 1183 396 1208 mentis
417 1181 453 1207 D.
473 1194 510 1198 —
531 1181 586 1207 Str.
609 1177 643 1207 13
663 1180 756 1208 lautet
773 1181 804 1206 in
825 1179 862 1214 Ο,

195 1235 237 1264 13.
257 1238 327 1271 Ave,
348 1237 418 1264 Sion
439 1235 508 1269 filia,
931 1236 987 1263 Per
1006 1239 1036 1263 te
1054 1238 1114 1264 iam
1132 1237 1254 1263 interius

297 1284 349 1310 per
369 1282 454 1310 quam
472 1274 588 1300 liberati
970 1276 1065 1301 mente
1085 1274 1217 1301 renovati

260 1312 417 1340 Reddimur
437 1311 472 1338 ab
493 1311 624 1338 hostibus
934 1311 1120 1338 Exsultemus
1141 1312 1247 1346 iugiter

297 1350 348 1376 diu
367 1350 513 1385 captivati,
972 1357 1100 1376 summae
1119 1350 1254 1375 trinitati.

187 1405 231 1439 14,
252 1405 268 1432 7
289 1407 444 1433 Laetemur
464 1405 495 1431 in
514 1404 609 1439 gloria
628 1405 664 1431 D.
693 1419 730 1423 —
757 1402 800 1436 16,
822 1401 840 1430 8
861 1404 916 1437 Qui
937 1406 966 1431 te
985 1405 1165 1432 consecravit
1185 1405 1223 1431 D.
1247 1420 1285 1423 —
1309 1404 1351 1439 17,
1372 1403 1389 1433 3
1408 1406 1477 1433 Tibi

185 1447 214 1471 et
231 1444 267 1470 E.
286 1458 324 1462 -τ
345 1442 388 1476 17,
405 1441 422 1469 7
441 1442 498 1469 Per
520 1445 548 1469 te
569 1443 619 1478 qui
638 1442 677 1469 D.
697 1456 733 1460 -—
757 1439 800 1475 18,
820 1439 837 1468 8
859 1441 1010 1477 corrigens
1031 1443 1067 1469 E.
1089 1456 1125 1462 ’-
1146 1442 1204 1469 Str.
1223 1441 1257 1469 19
1278 1443 1372 1471 lautet
1389 1445 1421 1471 in
1440 1443 1476 1470 C:

195 1499 237 1527 19.
258 1500 329 1532 Ave,
351 1501 433 1527 cuius
452 1497 522 1531 filio,
930 1499 956 1525 A
979 1508 1035 1535 quo
1055 1499 1114 1526 tuis
1135 1499 1270 1534 precibus

294 1546 362 1565 vero
384 1536 513 1570 salutari,
968 1537 1099 1571 cupimus
1119 1536 1228 1563 salvari

257 1575 395 1611 Cupimus
416 1573 565 1601 affectibus
931 1574 971 1601 Et
990 1582 1009 1601 a
1029 1575 1140 1601 eunctis
1160 1574 1293 1602 hostibus

295 1614 398 1640 mentis
418 1612 566 1647 gratulari,
968 1621 1019 1647 per
1041 1615 1070 1639 'te
1087 1611 1217 1639 liberari.

182 1667 225 1703 20,
247 1668 264 1697 5
294 1670 381 1697 Cuius
402 1670 489 1701 caput
508 1669 637 1695 ambiens
659 1668 694 1695 Ε.
750 1682 758 1687 -
783 1666 827 1701 20,
850 1666 866 1695 6
886 1668 981 1703 gloria
999 1670 1192 1696 membrorum
1209 1668 1240 1695 C.
1263 1684 1302 1689 —
1325 1668 1370 1704 20,
1392 1670 1408 1697 7
1429 1678 1472 1704 sq.

181 1708 328 1734 Pretiosos
349 1706 461 1742 lapides
482 1706 569 1732 infert
587 1708 754 1733 meritorum
774 1705 810 1732 E.
833 1720 870 1724 —
890 1705 934 1739 21,
956 1704 973 1733 3
1001 1714 1043 1741 sq.
1065 1707 1187 1734 Nostros
1207 1708 1256 1741 pie
1276 1708 1421 1742 perferens
1442 1709 1475 1735 in

181 1753 212 1772 se
237 1746 380 1772 cruciatus
405 1744 442 1772 D.
467 1758 504 1762 —
531 1741 575 1774 23,
595 1741 613 1770 8
640 1747 731 1771 morte
756 1752 827 1778 quos
848 1744 973 1771 salvavit
992 1745 1034 1777 E,
1059 1752 1131 1781 quos
1150 1743 1207 1771 fide
1226 1747 1364 1781 purgavit
1384 1746 1415 1773 C.
1435 1760 1473 1764 —

181 1782 235 1809 Str.
257 1780 294 1810 24
312 1783 405 1809 lautet
423 1782 455 1808 in
475 1781 511 1808 C:

189 1837 234 1866 24.
255 1839 324 1873 Ave,
346 1841 428 1866 cuius
447 1837 525 1864 filius
931 1839 966 1865 In
985 1847 1016 1865 se
1036 1840 1151 1865 nostros
1172 1838 1286 1866 ordinet

293 1877 385 1904 duleis
406 1878 449 1904 est
469 1878 498 1902 et
515 1878 611 1903 rectus
968 1883 1062 1904 mores
1084 1878 1113 1903 et
1132 1876 1258 1910 affectus,

254 1915 348 1941 Verae
368 1915 451 1941 nobis
467 1915 579 1948 gratiae
928 1914 1097 1942 Mansuetos
1118 1914 1233 1950 dirigat,

292 1952 394 1988 legifer
415 1950 539 1984 effeetus,
968 1955 1074 1988 augeat
1096 1952 1248 1986 profectus.

180 2006 226 2041 27,
252 2006 270 2034 2
293 2008 394 2035 domus
421 2010 560 2034 exornata
583 2007 619 2034 D.
650 2022 688 2025 —
718 2005 762 2039 27,
784 2003 801 2033 3
826 2015 869 2043 sq.
895 2007 990 2035 fehlen
1015 2008 1051 2035 E.
1082 2024 1118 2029 ——
1150 2008 1208 2035 Die
1232 2017 1324 2045 ganze
1351 2010 1477 2046 Strophe

178 2046 272 2073 Iautet
290 2047 321 2072 in
341 2046 376 2073 C:

189 2100 234 2128 27.
257 2102 326 2134 Ave,
348 2104 438 2128 mater
457 2100 558 2127 inclita
930 2101 1018 2128 Cuius
1041 2103 1101 2129 iam
1122 2101 1253 2128 refloruit

292 2140 354 2166 veri
375 2138 510 2171 Orientis,
966 2147 1031 2166 caro
1052 2140 1237 2175 resurgentis,

254 2177 354 2205 Crucis
375 2177 535 2203 ministerio
928 2177 1029 2204 Virtus
1052 2179 1081 2204 et
1099 2178 1240 2212 protectio

291 2216 339 2250 pie
357 2214 532 2246 redimentis,
964 2214 1016 2241 fiat
1035 2222 1105 2242 suae
1124 2215 1228 2250 gentis.

177 2270 225 2305 28,
241 2270 258 2299 5
278 2272 403 2299 dexteris
422 2269 453 2297 C.
473 2283 509 2288 —
530 2268 575 2303 29,
589 2269 607 2297 5
626 2273 774 2298 concisum
797 2270 829 2297 G.
849 2285 887 2289 —
906 2268 952 2305 30,
965 2270 986 2298 4
1004 2271 1092 2307 digne
1110 2270 1255 2297 custodita
1275 2271 1314 2298 D.
1335 2286 1374 2291 —
1393 2271 1439 2307 30,
1457 2272 1474 2301 5

181 2318 243 2346 sqq.
264 2310 410 2336 Virtutum
431 2306 551 2334 mirifice
570 2310 690 2343 gemmis
711 2309 860 2342 insignita.
890 2308 925 2335 In
945 2311 973 2336 te
987 2312 1115 2336 nostrum
1130 2307 1277 2344 gaudium,
1298 2309 1386 2346 salus,
1407 2320 1474 2348 spes

178 2348 218 2375 sit
236 2349 300 2375 sita.
320 2348 356 2374 D.
377 2362 414 2366 --
433 2342 478 2378 32,
499 2342 516 2372 3
536 2346 616 2373 Deus
635 2346 708 2373 fehlt
728 2347 763 2373 D.
784 2360 822 2365 —
841 2346 898 2373 Str.
919 2343 1030 2374 31—33
1053 2346 1153 2373 lauten
1173 2346 1204 2371 in
1225 2345 1260 2373 0:
