1650 2612
175 213 231 245 18.

175 617 230 650 19.

177 1022 231 1054 20.

171 1425 226 1460 21.

172 1833 226 1864 22.

169 2240 224 2273 23.

692 118 927 152 -23-.-

258 211 362 255 Salve,
390 220 477 252 crux,
504 220 566 251 qua
590 212 714 245 sabbati

305 259 384 290 ritus
409 262 483 290 sunt
509 258 614 298 deleti,

257 305 351 345 Legis
377 306 549 345 septenarii

306 353 422 385 veteris
447 352 581 393 impleti,

257 398 415 439 Quotquot
439 399 616 432 octonarios

302 446 445 486 psallunt
469 447 642 487 alphabeti,

256 492 406 525 Octavam
432 494 626 534 surgentium

304 543 435 573 cernant
460 550 519 581 per
543 544 576 572 te
599 541 685 575 laeti.

257 615 360 657 Salve,
389 625 474 660 crux,
502 618 644 649 ascensio

303 663 441 703 gloriosa
465 664 554 706 caeli,

257 710 360 750 Scala,
388 719 479 750 quam
505 713 738 743 monstraverat

306 757 391 789 Deus
417 757 538 797 Israeli,

256 805 341 836 Tuos
366 804 483 844 gradus
508 804 661 836 scandere

305 860 402 892 passu
428 852 482 883 det
505 850 603 890 fideli,

257 898 319 929 Per
344 906 435 938 quem
459 901 583 931 cantum
608 898 761 939 graduum

306 945 407 977 dulcis
434 949 562 977 cantant
585 945 670 977 meli.

260 1019 363 1061 Salve,
391 1029 477 1061 crux,
502 1021 656 1060 protectio

304 1067 412 1099 mundi
437 1067 615 1107 singularis,

257 1114 350 1146 Diem
375 1113 458 1146 nube
481 1116 660 1154 protegens,

301 1164 424 1193 noctem
451 1161 548 1201 signis
574 1161 678 1200 claris,

256 1209 318 1240 Per
343 1209 425 1240 diem
451 1209 646 1248 prosperitas

303 1264 365 1287 non
390 1257 463 1286 urat
486 1255 610 1295 solaris,

255 1302 357 1334 Nocte
381 1310 439 1333 nec
463 1303 640 1334 adversitas

301 1359 359 1381 nos
382 1349 490 1380 laedat
513 1349 645 1383 lunaris.

254 1425 356 1469 Salve,
385 1433 462 1456 crux
487 1425 520 1457 in
545 1426 634 1456 atriis

301 1473 447 1505 Summae
473 1472 621 1516 civitatis,

253 1519 322 1551 Ima
346 1519 475 1551 summis
501 1518 669 1552 foederans

300 1575 379 1606 pace
405 1566 558 1607 caritatis,

251 1614 314 1645 Per
338 1616 371 1645 te
395 1617 524 1645 servent
547 1616 677 1652 pectore

300 1669 411 1700 pacem
436 1661 578 1699 unitatis,

252 1707 371 1747 Quibus
397 1708 524 1739 tandem
552 1707 679 1739 dabitur

301 1764 365 1795 pax
388 1755 597 1788 aeternitatis.

254 1830 358 1875 Salve⁷
387 1839 475 1872 crux,
502 1840 563 1871 qua
586 1831 714 1863 veniens

299 1878 424 1910 miseris
448 1877 570 1910 mederi

254 1925 412 1966 Caligavit
437 1926 536 1957 oculis

297 1973 424 2004 luminis
449 1974 505 2005 lux
531 1972 608 2016 veri,

250 2020 328 2053 Sese
350 2029 449 2061 puros
476 2020 582 2052 oculos

299 2069 395 2100 donet
419 2068 546 2108 intueri,

249 2115 360 2148 Donec
388 2114 533 2147 Christus
559 2114 682 2147 miseris

298 2164 375 2195 velit
399 2163 555 2196 misereri.

252 2238 357 2282 Salve,
382 2247 469 2283 crux,
498 2248 559 2279 qua
584 2239 684 2271 voluit

296 2296 409 2326 passer
432 2286 601 2325 immolari,

247 2334 375 2375 Passer,
402 2335 434 2366 in
461 2344 521 2375 quo
547 2334 689 2366 creditur

296 2381 441 2414 Christus
467 2381 608 2425 figurari,

852 431 909 463 24.

853 836 909 868 25.

851 1240 905 1272 26.

850 1645 904 1676 27.

850 2050 904 2084 28.

934 213 1091 253 Animam,
1118 221 1209 253 quam
1235 215 1358 254 passeri

980 260 1097 291 scimus
1123 261 1309 304 comparari,

933 306 1077 347 Laqueos
1103 308 1283 340 venantium

981 363 1043 386 non
1066 354 1150 386 sinat
1173 355 1335 394 praedari.

934 430 1040 468 Salve,
1067 438 1154 470 crux,
1178 431 1326 472 prodigia

983 476 1101 508 faciens
1126 478 1295 520 signorum,

935 524 1033 564 Virga
1056 524 1175 565 virgam
1200 526 1326 558 noxiam

983 571 1137 604 devorans
1161 580 1332 614 magorum,

933 618 963 649 A
986 618 1077 650 iustis
1103 622 1247 651 amoveat

980 665 1100 704 virgam
1125 668 1325 705 peccatorum

936 711 1031 752 Virga
1057 713 1158 744 crucis
1183 714 1318 745 moriens

982 758 1135 801 Christus,
1163 768 1219 791 rex
1245 760 1412 794 caelorum.

935 834 1040 874 Salve,
1068 843 1154 877 crux,
1176 844 1237 874 qua
1263 836 1402 868 militans

982 881 1055 913 Sion
1081 882 1245 922 liberatur,

932 929 1143 968 Triumphans
1170 930 1303 962 ecclesia

978 976 1073 1016 plene
1097 976 1259 1017 gloriatur,

934 1022 1057 1061 Semen,
1085 1023 1168 1062 quod
1194 1031 1262 1054 cum
1287 1024 1425 1055 lacrimis

980 1069 1031 1101 via
1055 1070 1235 1112 seminatur,

934 1116 996 1147 Per
1021 1125 1143 1147 crucem
1168 1116 1200 1147 in
1226 1117 1340 1157 gaudio

980 1163 1103 1202 patriae
1127 1166 1273 1196 metatur.

933 1237 1035 1278 Salve,
1064 1247 1140 1270 crux
1164 1239 1311 1271 viaticum

978 1285 1045 1317 veri
1072 1286 1150 1317 dans
1177 1286 1325 1328 dulcoriS,

932 1332 1017 1363 Pane
1042 1331 1105 1363 frui
1129 1333 1246 1365 caelico

980 1389 1036 1419 pro
1065 1388 1147 1418 pane
1172 1380 1301 1422 doloris,

933 1426 1026 1458 Panis
1052 1435 1108 1458 nos
1133 1428 1280 1466 perpetui

977 1475 1072 1505 satiet
1097 1474 1247 1515 dulcoris,

932 1521 1009 1553 Cum
1036 1521 1160 1552 dilectis
1186 1521 1316 1553 dabitur

977 1567 1100 1608 requies
1127 1569 1260 1608 soporis,

931 1642 1035 1683 Salve,
1063 1652 1149 1683 crux,
1174 1652 1236 1683 qua
1258 1647 1391 1684 mystica

980 1692 1053 1723 vitis
1079 1691 1125 1722 sic
1150 1691 1301 1731 abundat,

931 1737 1022 1776 Quod
1047 1738 1163 1770 olivam
1187 1739 1330 1779 mysticis

980 1783 1135 1816 fructibus
1160 1785 1321 1825 fecundat,

931 1831 993 1863 Per
1017 1835 1049 1864 te
1075 1832 1219 1864 Christus
1245 1833 1367 1864 saucios

980 1880 1051 1911 vino
1074 1879 1148 1911 vitis
1172 1883 1302 1921 pungat,

931 1925 976 1958 Ut
1000 1927 1103 1958 olivae
1127 1928 1326 1967 postmodum

977 1975 1046 2006 oleo
1071 1983 1127 2005 nos
1148 1977 1254 2014 ungat.

932 2050 1036 2092 Salve,
1064 2058 1150 2091 crux,
1178 2051 1330 2084 ecclesiae

976 2101 1098 2129 scutum
1124 2098 1292 2140 singulare,

928 2145 1028 2185 Quam
1051 2144 1086 2176 in
1110 2145 1194 2177 Abel
1219 2150 1367 2186 coeperat

978 2192 1054 2225 Cain
1083 2201 1273 2235 expugnare,

930 2238 1013 2278 Quos
1038 2241 1072 2272 in
1097 2249 1152 2273 suo
1175 2242 1337 2280 quaeritur

978 2288 1071 2320 dorso
1095 2286 1263 2330 fabricare,

928 2335 1009 2366 Mali
1033 2335 1150 2367 malum
1174 2341 1307 2376 nequeat

976 2382 1076 2423 magis
1100 2384 1300 2424 prolongare.
