1650 2612
179 523 235 554 26.

177 844 231 875 27.

173 1164 229 1195 28.

169 1484 226 1515 29.

169 1805 225 1837 30.

166 2138 222 2171 31.

692 104 856 147 -·139
903 132 949 138 —

229 229 236 235 .
263 203 342 245 Ave,
371 204 481 235 domus
508 207 670 247 creatoriS,

266 251 364 289 Quam
384 252 509 283 ornavit
526 252 580 285 lux
599 255 788 295 splendoris,

312 297 382 329 Rex
408 298 569 342 virtutum,
596 301 706 343 gloria,

262 343 332 376 Hoc
355 344 389 376 in
412 345 492 387 loco,
517 355 607 385 quem
633 348 768 387 paravit,

263 390 404 430 Sponsus
429 394 500 423 tuus
525 392 682 426 habitavit

310 438 355 470 Ut
377 439 411 469 in
438 439 530 470 domo
556 441 695 481 propria.

261 523 341 564 Ave,
366 523 468 565 virgo,
493 534 552 564 pro
577 535 628 557 me
651 535 737 566 roga,

260 569 307 601 Te
331 571 485 610 produxit
509 580 668 613 synagoga

312 618 402 650 Sicut
425 618 518 657 spina
543 620 655 661 lilium,

264 662 445 704 Dereliquit
469 667 502 695 te
526 666 673 708 Iudaeus,

261 710 305 742 Et
328 712 500 751 assumpsit
525 721 658 752 sponsus
683 713 769 746 Deus

305 759 345 791 In
368 758 476 790 throni
502 760 704 791 consortium.

258 844 337 881 Ave,
365 843 464 885 virgo,
490 852 563 882 spes
587 845 734 884 lugentis,

259 889 353 922 Cuius
378 899 451 922 caro
476 892 631 930 parientis

305 936 383 968 Post
408 941 534 976 partum
559 937 710 977 refloruit,

259 984 446 1017 Castitatem
472 993 505 1015 es
532 984 687 1024 professa,

257 1030 429 1063 Voluntate
454 1039 487 1062 es
513 1030 657 1063 confessa

306 1077 439 1118 Sponso,
466 1078 519 1118 qui
543 1082 575 1109 te
599 1079 709 1110 voluit.

256 1164 335 1201 Ave,
363 1162 451 1193 cuius
476 1171 573 1201 supra
597 1163 699 1194 sinum

257 1209 359 1250 Reges
384 1218 489 1248 regem
515 1213 580 1241 tres
605 1210 745 1241 divinum

302 1257 488 1288 Adorarunt
511 1257 653 1297 mystice,

253 1304 440 1335 Attulerunt
459 1303 522 1334 tria
546 1308 655 1335 terno:

254 1353 375 1382 Aurum
399 1350 477 1390 regi,
503 1353 553 1382 tus
578 1353 718 1391 aeterno,

300 1397 446 1429 Murram
472 1398 560 1429 carni
586 1398 737 1430 lubricae.

253 1485 334 1523 Ave,
360 1482 448 1514 sidus
473 1483 670 1523 matutinum,

254 1529 382 1562 Fletum
406 1532 534 1568 tergens
560 1530 773 1569 vespertinum

300 1577 387 1609 Luce
411 1576 458 1607 tui
482 1577 630 1619 muneris,

253 1624 326 1656 Nox
355 1623 531 1663 praecessit
555 1627 642 1655 tuum
667 1626 780 1665 ortum,

254 1671 351 1704 Mane
377 1671 497 1702 clarum
522 1674 571 1702 est
596 1673 749 1710 exortum,

299 1719 382 1751 Dum
407 1718 558 1749 mundum
581 1718 768 1758 ingrederis.

251 1805 331 1845 Ave,
358 1803 449 1835 bonis
473 1802 633 1842 insignita,

251 1851 371 1885 Summi
395 1850 479 1891 regis
504 1850 580 1883 urbs
605 1849 725 1881 munita

299 1899 418 1931 Contra
441 1906 576 1937 nequam
602 1897 744 1937 spiritus,

250 1945 317 1979 Soli
341 1948 455 1986 patens
480 1945 626 1987 creatori,

249 1994 313 2028 Sed
339 1993 477 2033 maligno
502 1992 654 2024 tentatori

295 2041 409 2074 Nullos
434 2039 592 2080 praebens
618 2039 732 2071 aditus.

248 2139 327 2177 Ave,
353 2135 460 2168 flentis
485 2135 696 2177 consolamen,

246 2183 437 2217 Laborantis
462 2190 658 2223 recreamen,

293 2231 440 2264 Dolentis
465 2230 628 2269 solacium,

248 2280 365 2312 Hostes
390 2279 453 2310 mei
478 2286 519 2309 ne
544 2286 594 2309 me
620 2275 744 2316 fallant,

247 2326 308 2367 Qui
332 2336 384 2359 me
407 2329 475 2358 tota
500 2325 552 2358 die
576 2325 708 2364 vallant,

291 2374 399 2408 Meum
425 2374 469 2406 sis
494 2373 653 2414 refugium

862 209 917 242 32.

860 528 914 560 33.

858 846 912 878 34.

855 1164 906 1195 35.

853 1483 908 1514 36.

852 1803 907 1834 37.

852 2135 906 2167 38.

944 209 1022 247 Ave,
1050 208 1138 240 verbi
1160 207 1273 239 summi
1297 211 1407 248 mater,

942 255 1005 287 Per
1037 256 1120 294 quod
1150 255 1252 285 caelos
1277 253 1354 286 fecit
1377 258 1469 294 pater

991 302 1065 334 Cum
1093 303 1209 334 virtute
1232 301 1372 341 spiritus,

942 349 991 380 De
1015 352 1047 380 te
1072 357 1197 381 carnem
1222 348 1357 387 sumpsit
1377 358 1466 391 unus,

943 396 1021 427 Tres
1046 399 1119 428 sunt
1137 399 1242 427 tamen
1258 395 1340 426 illud
1357 405 1467 427 munus

990 443 1120 482 Operati
1145 443 1286 474 caelitus.

940 527 1019 566 Ave,
1046 527 1145 569 virgo,
1170 535 1249 567 quae
1272 529 1409 566 sensisti,

941 573 1026 612 Quae
1051 574 1193 614 gustasti,
1222 582 1301 613 quae
1327 575 1444 613 vidisti,

989 621 1088 659 Quam
1113 621 1213 652 duleis
1238 621 1280 651 sit
1303 620 1465 661 Dominus,

941 667 1026 705 Quae
1048 666 1167 708 figebas
1193 667 1258 698 eius
1284 668 1330 698 ori

942 714 1043 753 Super
1068 713 1174 746 favum
1199 714 1334 745 dulciori

986 759 1094 792 Labra
1121 763 1176 792 tua
1201 761 1381 793 comminus.

938 845 1017 885 Ave,
1044 845 1142 885 virgo,
1167 854 1216 876 me
1242 843 1388 885 defende,

939 894 1047 931 Arma,
1074 896 1195 924 scutum
1220 891 1424 930 apprehende

986 938 1102 970 Contra
1127 939 1225 970 malos
1249 937 1400 978 homines,

940 984 1062 1016 Cedant
1086 986 1191 1017 hostes
1216 985 1277 1016 tuis
1303 985 1406 1024 minis,

936 1031 1032 1063 Fiant
1056 1040 1163 1063 omnes
1188 1035 1345 1071 tamquam
1372 1033 1449 1063 cinis

982 1079 1068 1109 Ante
1093 1080 1178 1110 venti
1201 1079 1353 1110 turbines.

936 1163 1014 1204 Ave,
1041 1171 1165 1194 sacrum
1190 1163 1275 1193 vitae
1298 1160 1423 1204 flumen,

938 1209 1082 1241 Paradisi
1106 1219 1219 1248 purum
1244 1210 1359 1251 lumen,

983 1256 1050 1287 Nos
1076 1257 1246 1288 elementer
1269 1257 1404 1296 respice,

934 1304 1022 1335 Intra
1048 1303 1172 1335 domum
1199 1303 1353 1335 ubertatis

935 1350 999 1381 Nos
1024 1353 1165 1382 torrente
1189 1350 1361 1389 voluptatis

982 1397 1192 1429 Abundanter
1217 1396 1321 1428 refice.

931 1482 1010 1521 Ave,
1037 1490 1118 1520 rosa,
1144 1481 1296 1522 princeps
1320 1479 1445 1521 florum,

935 1528 1029 1560 Cuius
1055 1527 1161 1569 fulgur
1186 1529 1368 1560 meritorum

979 1576 1094 1615 Fulget
1118 1579 1153 1607 ut
1176 1576 1336 1616 meridies,

932 1622 1027 1655 Ultra
1048 1625 1145 1655 solem
1171 1625 1219 1654 est
1243 1631 1365 1664 serena,

932 1670 1028 1702 Ultra
1050 1668 1160 1702 florem
1185 1673 1233 1701 est
1257 1678 1388 1702 amoena

980 1717 1094 1749 Vultus
1118 1718 1165 1749 tui
1190 1718 1321 1757 species.

934 1803 1014 1841 Ave,
1041 1803 1128 1833 cuius
1152 1802 1320 1833 umbilicus

932 1848 1008 1880 Fuit
1034 1852 1137 1880 castus
1163 1853 1195 1880 et
1218 1849 1353 1888 pudicus

980 1896 1049 1927 Nec
1073 1896 1173 1928 sensit
1196 1896 1376 1938 illecebras,

933 1943 1063 1975 Lumbis
1088 1944 1166 1975 meis
1192 1944 1381 1984 castitatem,

934 1991 1047 2024 Carnis
1071 1995 1201 2032 praesta
1225 1992 1401 2034 sanitatem,

980 2038 1098 2071 Mentis
1124 2038 1198 2079 fuga
1222 2039 1380 2072 tenebras.

933 2134 1013 2173 Ave,
1041 2133 1129 2166 dives
1152 2143 1228 2166 arca
1252 2134 1383 2175 Christi,

932 2182 1017 2220 Quae
1041 2181 1223 2215 thesaurum
1249 2181 1397 2223 effudisti,

980 2228 1047 2267 Quo
1073 2229 1216 2261 ditantur
1241 2229 1356 2263 omnia.

934 2276 1032 2315 Quem
1049 2280 1209 2317 exspecto,
1230 2277 1284 2316 qui
1302 2277 1461 2318 delinquo,

933 2324 1034 2355 Placa
1057 2325 1136 2356 mihi
1160 2324 1273 2365 Deum,
1298 2324 1332 2355 in
1356 2334 1418 2365 quo

979 2371 1054 2403 Mea
1078 2375 1127 2404 est
1150 2371 1278 2407 fiducia.
