1650 2612
671 77 918 114 —184—

533 171 580 201 39.
601 172 695 206 Salve,
716 172 808 208 virgo,
828 179 880 199 vas
900 170 1027 203 honoris,

598 210 686 237 Cuius
708 209 844 245 splendor
866 209 940 235 sacri
961 208 1019 233 oris

596 247 684 275 Ardet
704 255 815 282 semper
835 248 864 273 et
883 245 1025 278 clarescit,

599 284 682 312 Licet
703 293 814 319 corpus,
836 291 885 311 eor
904 282 1035 318 ignescit.

156 343 201 378 40,
224 345 238 372 l
259 345 300 373 Te
319 345 436 372 iubente
458 342 516 376 oz;
537 342 584 369 die
603 349 694 376 ganze
714 340 837 375 Strophe
854 339 948 366 lautet
965 338 997 364 in
1015 337 1085 365 UV:

532 397 580 425 40Γ
604 397 699 430 Salve,
719 397 811 431 virgo¹
832 395 917 422 decus
937 402 1039 427 rerum,

599 433 764 470 Longitudo
785 441 830 460 me
850 433 960 460 dierum

597 473 640 499 Te
659 473 774 507 petente
796 471 955 502 comitetur,

598 510 691 537 Dolor
711 510 804 537 omnis
825 508 924 543 procul
944 507 1034 534 detur.

152 566 197 600 4l,
218 565 235 595 3
256 575 321 595 arce
340 566 501 602 dignitatis.
521 580 560 584 —
579 565 637 593 Str.
655 563 694 592 43
712 565 773 592 und
785 562 824 592 44
844 564 944 591 lauten
961 564 994 591 in
1016 563 1082 592 UV:

161 621 205 651 43.
227 621 301 655 Ave,
320 624 419 650 vertex
438 630 586 657 generose,
832 618 877 647 44.
899 619 968 654 Ave,
988 618 1088 646 mundi
1108 617 1243 655 splendor
1264 618 1358 651 huius,

227 660 295 696 Age,
317 662 408 695 virgo,
430 660 559 687 virtuose
899 657 1005 685 Terrae
1026 657 1130 684 molem
1149 657 1245 684 infans
1268 657 1350 683 cuius

226 698 306 725 Dans
328 697 363 725 ad
383 697 458 724 hanc
476 697 644 733 petitmnem
898 695 1019 729 Fundat,
1043 694 1132 722 librat
1152 697 1181 721 et
1200 693 1346 730 appendit,

226 735 332 764 Vultus
353 737 396 762 tui
416 736 565 762 visionem.
898 733 986 761 Fines
1007 741 1094 760 manu
1116 731 1339 768 comprehendit.

151 789 199 825 45,
222 789 238 817 2
259 791 317 819 Fac
335 793 455 827 peccata
475 790 527 818 CZ.
548 804 586 809 —
606 790 663 818 Str.
682 789 719 817 45
739 790 800 817 und
818 788 854 817 46
875 790 973 817 lauten
991 790 1022 816 in
1041 790 1080 817 A:

161 845 206 874 45.
228 848 324 880 Salve,
345 848 436 883 virgo,
458 847 522 875 laus
541 847 643 880 doreti,
835 845 880 874 46.
902 845 996 879 Salve,
1018 847 1108 881 virgo,
1131 853 1242 872 summe
1261 846 1345 879 bona,

227 886 295 913 Tibi
316 885 389 912 caeli
410 886 538 920 pangunt
556 885 635 918 laeti,
898 884 999 920 Digna
1018 885 1138 917 sceptris
1161 885 1190 910 et
1208 891 1322 915 corona,

228 923 329 957 Campi
348 923 483 957 gaudent,
504 922 647 957 plaudunt
665 931 740 956 rura,
899 922 941 948 Te
961 924 1100 957 regnante
1122 921 1231 948 caelum
1253 920 1367 956 plaudit

226 960 304 987 Tuas
325 960 426 987 laudes
448 961 587 987 canitura.
901 958 1015 986 Gaudet
1033 962 1118 992 terra,
1140 966 1204 986 cum
1225 958 1281 985 hoc
1301 958 1389 985 audit.

154 1016 293 1044 Dieselbe
313 1015 436 1051 Strophe
454 1014 491 1043 46
510 1016 542 1041 in
562 1015 653 1044 SUV:

600 1073 671 1104 Ave,
692 1074 775 1099 cuius
799 1080 868 1107 prae
888 1079 985 1099 amore

601 1109 658 1137 Cor
678 1110 806 1137 exsultat
822 1111 854 1136 in
875 1110 998 1142 fervore,

601 1148 644 1174 Ad
664 1148 789 1182 ignitum
808 1147 864 1175 Dei
886 1150 993 1174 tactum

601 1185 686 1212 Sicut
704 1192 771 1212 cera
793 1185 989 1219 liquefactum.

154 1240 199 1275 47,
221 1238 238 1267 3
257 1241 298 1267 Et
316 1241 347 1267 in
366 1240 451 1267 laude
471 1248 520 1267 cor
539 1239 631 1267 dilata
651 1241 684 1267 A.
704 1254 741 1258 —
760 1238 805 1273 47,
820 1237 838 1266 4
856 1240 950 1267 Mater
969 1241 1064 1266 virum
1084 1239 1240 1274 dedignata
1253 1239 1285 1265 A.
1307 1254 1342 1257 —
1362 1236 1407 1272 48,
1425 1236 1443 1264 2

157 1279 237 1312 Quae
257 1280 381 1313 perusta.
408 1292 445 1297 -ψ
471 1275 516 1309 48,
537 1275 554 1304 3
574 1278 653 1304 Arva
672 1280 772 1304 nostra
790 1277 853 1305 UV.
880 1292 918 1297 ——
943 1276 988 1308 50,
1011 1276 1025 1303 1
1046 1278 1135 1304 invisi
1155 1276 1228 1303 fehlt
1245 1275 1282 1303 U.
1302 1290 1339 1294 —
1360 1274 1405 1308 50,
1425 1274 1444 1302 2

155 1316 221 1343 Non
240 1317 373 1342 cruentat
391 1315 476 1342 hasta
495 1315 552 1341 nisi
570 1314 611 1345 V;
633 1315 679 1342 dic
699 1314 778 1342 Zeile
796 1314 868 1342 fehlt
887 1314 923 1342 U.
945 1330 978 1334 -—

230 1367 280 1400 ΙΙΙ.
311 1369 336 1405 2,
360 1370 373 1397 l
395 1379 456 1407 sqq.
477 1371 572 1398 fehlen
592 1371 704 1404 ASUV,
725 1373 796 1398 statt
815 1370 917 1399 dessen

174 1428 210 1455 A:
236 1427 343 1460 Gaude,
364 1430 455 1464 virgo,
478 1430 555 1455 vitae
574 1436 683 1460 norma,
828 1427 918 1456 SUV:
938 1428 1008 1460 Ave,
1031 1428 1109 1455 orbis
1131 1427 1279 1461 advocata,

231 1465 319 1493 Cuius
338 1474 441 1499 mores,
462 1474 542 1493 mens
564 1468 593 1492 et
610 1465 703 1492 forma
941 1466 1034 1493 Mater
1053 1474 1112 1492 non
1132 1464 1322 1500 devirginata,

230 1503 347 1530 Pollent
364 1504 457 1530 multa
475 1505 628 1530 venustate
940 1503 997 1531 Per
1016 1510 1101 1538 quam
1123 1504 1207 1530 datur
1225 1504 1305 1530 vitae
1325 1502 1407 1529 dator

229 1541 269 1567 Et
287 1542 426 1568 virtutum
446 1542 606 1568 maiestate.
941 1541 980 1568 Et
1000 1542 1134 1576 perennis
1155 1543 1316 1568 miserator.

156 1597 213 1624 Str.
233 1594 251 1624 3
271 1597 363 1624 lautet
381 1598 413 1623 in
433 1596 588 1624 denselben
607 1596 835 1624 Handschrifteu
857 1597 1021 1633 gleichfalls
1041 1597 1236 1630 abweichend,
1257 1597 1316 1624 und
1336 1605 1426 1624 zwar:

172 1654 212 1680 A:
232 1651 341 1685 Gaude,
361 1655 446 1688 porta
465 1653 565 1680 olausa
582 1653 663 1687 viris,
828 1651 919 1680 SU'V:
939 1653 1009 1688 Ave,
1029 1655 1113 1688 virgo
1136 1654 1236 1681 iuncta
1253 1654 1327 1686 Det),

230 1690 327 1726 Virgo.
349 1690 481 1726 splendes
504 1693 533 1718 et
550 1692 666 1718 vestiris
939 1691 995 1723 Da,
1011 1692 1120 1727 regina,
1142 1692 1222 1719 cordi
1241 1699 1304 1719 meo

231 1728 311 1755 Luce
330 1730 406 1755 sicut
423 1730 594 1755 vestimento
940 1729 1050 1756 Panem
1069 1737 1106 1756 ex
1125 1733 1155 1756 te
1174 1733 1352 1766 generatum,

230 1763 270 1793 Et
289 1764 339 1793 das
360 1767 456 1793 lumen
476 1765 662 1794 firmamento.
942 1767 1049 1794 Vinum
1069 1775 1140 1794 vera
1158 1768 1219 1795 vite
1239 1771 1348 1794 natum.

157 1821 183 1855 4,
205 1820 222 1849 2
242 1823 289 1850 Ab
311 1823 426 1850 interna
445 1825 494 1858 qui
513 1823 566 1851 ΒΖ.
587 1838 622 1843 -
645 1823 702 1850 Str.
720 1822 739 1851 4
758 1824 818 1850 und
837 1821 854 1850 5
875 1823 974 1851 lauten
993 1824 1024 1851 in
1045 1825 1086 1851 A:

183 1878 210 1906 4.
230 1879 339 1914 Gaude,
360 1880 440 1915 rirgo
460 1879 551 1915 digna
568 1881 678 1916 quaeri,
892 1879 919 1907 5³.
939 1880 1048 1914 Gaude,
1068 1882 1161 1917 virgo,
1181 1881 1281 1909 lumen
1300 1884 1396 1916 rectis,

230 1916 324 1943 Mater
341 1924 412 1944 vera
430 1917 485 1945 Dei
506 1919 577 1949 veri,
941 1919 984 1945 Tu
1006 1919 1130 1946 concede
1151 1927 1215 1946 cum
1237 1920 1337 1947 electis

232 1954 321 1981 Cuius
341 1962 447 1981 nomen
466 1956 644 1988 invocamus,
942 1956 979 1983 In
997 1956 1092 1983 futuro
1113 1965 1168 1984 nos
1188 1957 1302 1991 laetari,

235 1990 415 2024 Confitemw,
437 1991 598 2019 adoramus.
945 1993 1092 2021 Christum
1112 1996 1198 2029 teque
1219 1996 1419 2031 contemplari.

158 2048 184 2081 ¹7,
207 2046 225 2075 2
245 2056 307 2083 sqq.
334 2047 398 2074 sind
421 2049 452 2074 in
471 2048 497 2075 A
517 2047 682 2075 ver'andert:
706 2049 749 2076 Ut
767 2057 817 2076 cor
836 2057 931 2077 meum
952 2051 1030 2077 omni
1049 2051 1121 2078 hora
1151 2050 1196 2077 Sit
1213 2051 1334 2079 laudare
1354 2054 1383 2080 te
1401 2060 1452 2088 pa-

159 2089 252 2113 ratum
272 2086 312 2112 Et
332 2093 350 2111 a
368 2085 474 2112 mundo
495 2088 690 2122 segregatum;
712 2087 743 2112 in
756 2086 791 2113 Z:
811 2086 853 2114 Ut
871 2096 921 2114 cor
943 2096 1035 2114 meum
1050 2090 1127 2116 omni
1141 2088 1213 2115 hora
1232 2089 1450 2124 Praeparatum,

157 2124 231 2156 lene,
263 2131 394 2159 pronum,
415 2122 549 2150 Gaudens
570 2124 609 2150 sit
628 2123 664 2150 ad
685 2131 768 2151 omne
787 2124 903 2152 bonum.
931 2140 968 2145 —
989 2122 1016 2158 8,
1036 2124 1054 2154 3
1075 2125 1189 2153 Clamat
1207 2126 1241 2153 A.
1263 2144 1287 2147 -
1318 2124 1344 2160 9,
1366 2127 1381 2154 l
1402 2136 1452 2155 ne-

160 2170 214 2197 que
240 2162 319 2188 sinas
340 2160 403 2188 U‘V.
431 2174 467 2178 ——
497 2159 522 2194 9,
543 2157 560 2187 3
582 2162 711 2196 separari
732 2161 762 2189 C.
787 2176 825 2181 —
853 2160 877 2197 9,
898 2162 918 2190 4
942 2163 979 2190 ad
1003 2164 1086 2191 illam
1104 2164 1135 2190 Z.
1159 2177 1197 2182 —
1223 2163 1279 2191 Str.
1307 2162 1341 2192 10
1360 2165 1454 2193 lautet

159 2201 191 2226 in
210 2200 235 2227 A
254 2197 314 2225 und
335 2197 420 2225 SUV.

176 2247 217 2274 A:
239 2245 350 2279 Gaude,
367 2248 460 2272 mater
479 2246 632 2281 exquisita,
837 2246 927 2275 SUV:
949 2248 1020 2282 Ave,
1041 2250 1132 2283 virgo,
1152 2250 1233 2276 cujus
1254 2250 1348 2278 cultus

236 2282 334 2320 Virgo,
357 2284 439 2310 euius
460 2283 548 2318 dig-na
566 2285 636 2316 vita,
949 2286 991 2313 Et
1010 2285 1116 2322 regalis
1136 2285 1272 2321 splendor
1290 2288 1388 2316 vultus

236 2322 333 2349 Terris
354 2322 432 2348 vitae
452 2320 502 2347 dat
522 2325 675 2354 auctorem,
950 2324 1055 2351 Vibi-at
1073 2324 1155 2358 ignes
1175 2324 1323 2353 radiorum

239 2359 336 2387 Caelis
358 2359 444 2386 decus
465 2361 495 2386 et
512 2359 703 2395 splendorem.
950 2361 987 2388 In
1008 2364 1179 2389 conventum
1197 2362 1358 2391 beatorum.
