1650 2612
682 122 940 158 -161-

175 214 229 247 36.
256 214 336 255 Ave,
362 214 423 247 Dei
449 216 572 258 civitas,

303 263 390 294 cuius
416 261 652 296 fundamentum

256 308 428 342 Samarites
455 312 619 352 construit,

303 357 356 396 qui
380 366 437 388 nos
462 358 495 389 in
520 359 691 390 iumentum

255 403 429 436 Semivivos
453 405 607 439 revehens

301 451 404 491 plagis
431 452 486 483 dat
509 458 710 492 unguentum,

255 498 337 530 Vino
360 499 440 538 legis
466 499 620 532 adhibens

302 545 423 587 gratiae
448 545 629 581 fomentum.

172 622 227 654 37.
252 621 333 662 Ave,
359 624 460 653 mater
483 622 621 664 Domini,

302 669 355 707 qui
380 677 453 708 spes
479 672 527 700 est
550 669 671 709 salutis,

256 715 313 753 Qui
340 716 490 747 contrivit
513 716 648 748 moriens

300 762 405 803 iugum
432 763 603 805 servitutis,

258 810 333 841 [uva
356 818 412 841 nos
437 810 471 841 in
495 814 637 849 tempore

300 860 426 889 nostrae
452 858 621 889 senectutis

253 903 320 935 Nos
344 904 376 935 in
402 905 523 936 caelum
548 905 716 938 sublevans

298 950 449 991 gradibus
473 952 609 984 virtutis.

172 1027 227 1059 38.
253 1025 334 1066 Ave,
360 1027 462 1057 nostri
484 1027 607 1066 generis

299 1073 473 1104 terminans
498 1074 677 1112 lamentum,

249 1120 312 1151 Per
338 1129 430 1160 quam
454 1129 511 1153 rex
538 1120 694 1161 disposuit

297 1167 383 1199 vitae
407 1169 638 1208 testamentum,

251 1213 387 1253 Gregem
412 1214 474 1246 tuis
499 1214 645 1246 laudibus

294 1261 410 1301 iugiter
433 1261 586 1293 intentum

248 1307 322 1339 Non
344 1317 463 1349 pavere
486 1308 585 1341 facias

294 1355 409 1387 iudicis
435 1356 615 1389 adventum.

170 1433 223 1464 39.
251 1432 331 1472 Ave,
358 1440 437 1471 quae
462 1431 617 1472 refugium

296 1477 384 1510 facta
408 1478 584 1518 desperatis

250 1525 452 1557 Procellosae
478 1527 657 1567 comprimis

295 1575 398 1604 motus
423 1573 630 1614 tempestatis,

252 1619 348 1651 Placa
372 1628 428 1652 nos
454 1623 486 1652 et
509 1621 637 1660 applica

296 1666 441 1706 portibus
466 1667 592 1710 optatis,

251 1714 357 1746 Vultui
382 1723 439 1746 nos
465 1715 598 1747 offerens

296 1770 437 1793 summae
462 1762 625 1796 trinitatis.

169 1839 224 1871 40.
251 1837 332 1879 Ave,
359 1846 451 1878 quam
477 1838 635 1871 inhabitat

297 1886 428 1917 verbum
454 1894 527 1918 caro
552 1884 680 1929 factum,

247 1933 306 1972 Qui
332 1933 489 1974 collapsos
516 1933 606 1966 vetiti

296 1981 374 2021 ligni
399 1989 459 2020 per
484 1983 659 2013 contactum

247 2028 313 2060 Nos
338 2027 452 2060 fecisse
478 2028 650 2061 condolens

295 2085 364 2108 cum
389 2075 515 2108 inferno
539 2079 676 2117 pactum,

246 2123 346 2164 Ligno
371 2123 456 2156 vitae
479 2127 612 2164 reparat

294 2171 381 2212 figuli
408 2181 463 2203 vas
489 2171 635 2205 fractum.

163 2248 218 2281 41.
244 2248 323 2291 Avc,
351 2257 410 2288 per
435 2257 527 2288 quam
553 2247 688 2280 Domino

292 2296 346 2335 pie
369 2294 566 2336 confitemur,

247 2343 342 2377 Cuius
368 2352 429 2384 ope
455 2343 603 2384 consequi

292 2391 415 2426 veniam
440 2401 607 2431 meremur,

205 2451 334 2478 DreveS.
351 2450 473 2474 Psalteria
489 2449 643 2479 Rhythmica.
675 2450 695 2473 1.

848 440 902 472 42.

847 843 902 875 43.

842 1246 898 1279 44.

845 1651 900 1684 45.

844 2058 899 2091 46.

932 224 1007 255 Tuis
1033 221 1148 252 sanctis
1170 220 1327 261 precibus,

977 270 1087 309 mater,
1114 268 1307 309 adiuvemur,

931 318 978 351 Ut
1000 318 1033 349 in
1059 315 1185 347 Christo
1209 314 1325 354 iugiter

977 367 1078 396 tecum
1105 363 1284 402 gloriemur.

927 439 1005 481 Ave,
1033 447 1090 477 per
1115 446 1205 477 quam
1233 437 1386 469 Dominus

976 485 1081 517 induit
1105 485 1263 524 decorem,

931 533 1045 564 Matris
1071 532 1157 563 Evae
1182 531 1319 563 moriens

976 579 1125 610 terminat
1148 587 1330 618 maerorem,

930 626 1056 658 Primae
1081 634 1136 657 nos
1162 625 1290 664 originis

977 682 1091 704 vocans
1116 673 1156 704 ad
1181 673 1341 716 honorem,

929 721 1028 752 Immo
1054 722 1169 750 statum
1195 727 1346 757 reparans

975 766 1071 798 multo
1096 767 1268 798 meliorem.

927 842 1006 880 Ave,
1032 843 1133 872 mater
1157 841 1284 872 Domini

974 888 1218 927 miserationum,

927 935 1044 967 Nostra
1070 935 1177 966 delens
1204 935 1335 967 crimina

973 982 1120 1021 spiritum
1143 982 1184 1013 da
1207 981 1333 1024 bonum,

927 1029 971 1061 Ut
994 1032 1100 1060 astare
1127 1029 1248 1060 valeam

972 1076 1112 1116 gaudens
1141 1079 1214 1107 ante
1238 1075 1396 1117 thronum,

926 1122 1002 1155 Cum
1026 1123 1059 1154 in
1083 1121 1145 1153 fine
1169 1122 1292 1154 venerit

973 1170 1060 1201 Deus
1084 1169 1247 1201 ultionum.

923 1246 1004 1286 Ave,
1030 1247 1131 1276 mater
1154 1244 1273 1283 inclita,

970 1295 1071 1324 mater
1094 1292 1222 1331 inquam
1246 1291 1317 1332 Dei,

923 1339 987 1371 Per
1009 1347 1100 1379 quem
1127 1338 1221 1370 datur
1244 1338 1411 1370 sabbatum

971 1395 1065 1418 verae
1089 1385 1218 1425 requiei,

924 1433 987 1465 Hic
1013 1437 1070 1472 est,
1097 1433 1149 1472 qui
1173 1441 1230 1465 nos
1255 1433 1372 1464 liberat

973 1489 1055 1512 anno
1078 1479 1219 1521 iubilaei,

928 1527 1021 1560 Unde
1043 1536 1105 1559 non
1131 1527 1288 1559 immerito

973 1575 1139 1607 iubilemus
1165 1575 1205 1607 ei.

926 1651 1006 1692 Ave,
1032 1658 1090 1691 per
1115 1660 1206 1690 quam
1230 1650 1366 1683 Domino

973 1697 1061 1729 novit
1086 1697 1264 1739 decantare,

927 1744 1050 1776 Novum
1075 1747 1161 1776 terra
1186 1744 1351 1783 canticum,

972 1791 1106 1824 laudans
1131 1792 1280 1835 salutare,

927 1839 986 1878 Qui
1010 1847 1076 1881 noS‚
1105 1847 1173 1870 cum
1199 1839 1330 1872 redierit

974 1887 1082 1918 orbem
1107 1886 1259 1927 iudica-re,

927 1933 982 1965 Sui
1006 1933 1107 1974 patris
1134 1934 1244 1966 ovibus

977 1982 1052 2014 velit
1076 1990 1257 2022 aggregare.

925 2057 1005 2099 Ave,
1034 2057 1121 2090 cuius
1145 2056 1229 2089 filius

973 2113 1108 2146 regnans
1133 2108 1202 2136 sine
1226 2104 1290 2137 fine

926 2152 1113 2193 Aegrotanti
1139 2151 1241 2184 factus
1270 2156 1318 2185 est

972 2204 1082 2233 auctor
1105 2200 1292 2242 medicinae,

923 2248 982 2286 Qui
1003 2250 1148 2280 naturam
1172 2248 1306 2280 hominis

970 2296 1082 2328 uniens
1107 2295 1246 2336 divinae,

923 2342 979 2375 Fit
1002 2352 1060 2384 per
1084 2344 1193 2375 mortis
1219 2344 1386 2376 terminum

974 2391 1126 2424 terminus
1152 2392 1273 2425 ruinae.

1248 2445 1282 2476 11
