1650 2612
148 208 194 244 33,
217 208 233 237 1
259 211 408 239 cariofolis
427 211 554 246 DGHL,
582 213 713 249 ganofoli
736 215 771 241 A.
798 229 835 233 ——
858 212 904 247 34,
924 213 943 241 2
966 215 1051 242 nidos
1071 214 1160 242 ADL.
1180 228 1218 232 ——-
1237 211 1282 248 34,
1303 213 1320 242 5
1339 216 1445 242 vestris

148 248 253 276 iaculis
279 250 314 276 A.
339 263 371 267 —
393 247 440 283 34,
461 248 478 276 6
499 251 549 286 qui
571 252 737 279 extensistis
759 251 792 279 G.
812 266 848 270 —-
868 250 913 286 36,
936 251 950 279 1
971 253 1049 288 Ergo
1072 253 1122 286 qui
1142 252 1207 279 GH.
1228 266 1265 270 —
1285 250 1330 286 36,
1352 250 1370 278 2
1389 254 1444 279 ini-

146 293 204 350 tia
214 285 477 352 ffssffl'nssmgi'.
486 285 504 314 3
523 288 755 353 Μεῖῧθῗῃὲἱέ
757 291 908 355 1)χὶΜῇ
913 290 956 354 A'5
966 288 1067 355 {ai}
1079 288 1347 354 Z-Jssfflefflmissi
1359 291 1391 354 3·
1403 304 1445 355 ιζ

144 343 217 389 boia
245 361 278 389 G.
299 377 337 381 —
357 359 409 395 38,
431 361 448 390 6
473 363 546 390 hora
565 346 656 390 A.'-—
676 361 722 397 39,
744 362 758 391 1
781 348 887 400 duplex
906 347 1055 393 lavacrum
1074 347 1222 392 ADGHLJ
1240 379 1278 383 ——-
1298 347 1343 398 39,
1366 363 1384 393 3
1404 366 1446 394 Ut

145 398 268 426 mundus
294 400 329 427 A.
350 414 387 418 —-
406 397 452 433 39,
474 398 490 427 6
517 402 655 428 resistens
673 401 707 427 A.
728 417 766 421 —-
785 399 831 434 39,
855 400 873 430 8
892 405 922 429 te
942 404 1046 430 mutire
1065 402 1099 430 A.
1119 416 1158 421 —
1175 400 1221 435 40,
1245 400 1259 429 1
1280 402 1352 430 Esto
1374 411 1444 430 crux

146 437 180 464 Β.
199 451 237 456 —
255 435 302 470 40,
324 435 341 465 3
361 437 517 465 Adducant
535 439 567 466 Β.
588 453 626 458 —
644 437 690 472 40,
705 437 722 466 5
744 439 864 474 Capiam
883 440 917 467 A.
945 455 973 459 —
995 440 1039 474 41,
1055 439 1072 469 3
1092 440 1236 467 Arradent
1255 441 1289 467 A.
1310 455 1346 460 —
1367 439 1413 474 42,
1428 438 1445 468 3

147 474 326 502 assimilabis
346 475 381 502 A:
403 491 438 495 —
459 474 504 507 42,
525 474 545 503 4
562 476 672 504 munda
691 476 725 502 A.
746 491 784 495 —
802 475 848 508 43,
872 475 890 504 3
909 478 976 505 Sint
995 479 1050 506 tibi
1069 478 1224 505 latibulum
1244 478 1285 512 Α,
1306 479 1445 514 Requies-

147 513 193 540 cet
211 508 276 539 DL.
299 528 336 531 —
355 510 401 546 43,
415 512 435 540 4
454 515 553 541 anima
572 522 699 550 superna
718 515 754 540 A.
776 529 811 533 —
831 512 877 548 43,
891 513 908 542 5
928 516 1052 543 Tribuat
1070 517 1125 543 hoc
1143 517 1239 551 gratia
1259 516 1293 542 A.
1315 530 1351 535 —
1367 513 1413 549 43,
1428 515 1444 542 7

145 551 241 587 possit
259 550 298 585 ΙΙ...
319 565 358 570 -
377 549 423 584 43,
444 549 462 578 8
482 552 518 579 ab
541 555 660 579 aeterna
677 552 712 579 A.
734 566 768 570 ——
789 550 834 585 44,
857 550 873 579 6
893 553 946 580 hos
966 553 1039 580 fehlt
1057 555 1091 585 L,
1112 553 1168 580 hoc
1187 554 1221 580 A.
1242 568 1277 572 —
1297 551 1343 587 45,
1365 551 1381 580 6
1400 553 1445 580 fit-

146 596 204 624 que
222 588 258 615 A.
285 603 322 607 —
342 587 387 622 45,
409 586 427 616 8
452 590 547 616 crucis
567 591 607 617 sit
625 589 659 617 L.
679 604 718 608 —
736 587 781 624 46,
805 588 819 617 1
839 586 875 616 In
896 590 1045 626 amplexus
1068 591 1186 618 DGHL.
1206 605 1244 610 —
1262 589 1307 623 46,
1328 589 1347 618 4
1366 590 1399 618 fit
1418 593 1445 618 ei

146 627 180 690 ξ,
201 624 304 690 —A47,
326 624 343 653 8
363 626 453 654 fluma
472 628 509 661 B,
538 627 639 654 flerma
656 627 691 660 L,
712 627 848 662 phlegma
869 628 963 656 DGH.
987 643 1021 647 —
1041 627 1086 661 49,
1108 627 1125 654 7
1146 628 1227 656 Scies
1247 628 1283 656 G.
1305 644 1342 648 —-
1362 627 1407 662 50,
1427 626 1445 655 8

167 671 205 690 ne
252 683 259 690 .

219 706 256 737 II.
286 709 311 743 1,
325 708 343 737 3
361 713 466 745 appeto
487 710 521 736 A.
539 726 574 731 --
596 709 620 742 1,
637 708 655 737 3
676 710 776 738 Crucis
798 714 865 737 tuae
885 711 922 737 H.
937 725 974 729 --
991 710 1014 745 1,
1035 710 1054 738 4
1073 712 1174 739 laudes
1191 713 1223 739 Β.
1239 727 1274 731 —-
1298 711 1321 747 1,
1337 712 1353 741 5
1367 714 1447 741 Tura

145 748 270 783 pretium
295 755 413 774 munera
440 747 473 774 A.
499 761 537 765 —
565 747 594 780 1,
616 747 632 775 6
659 747 742 774 offert
766 748 886 784 dignare
912 749 945 776 A.
972 763 1009 767 —
1036 748 1066 782 1,
1088 748 1104 774 7
1129 749 1177 776 Me
1202 750 1248 777 his
1269 750 1302 777 A.
1324 767 1360 769 —
1382 749 1407 784 2,
1428 750 1445 777 7

143 786 263 813 Terram
284 785 350 812 dum
366 785 398 812 B.
426 800 459 804 —-
482 782 506 819 3,
523 784 539 811 7
559 786 676 813 Katena
689 785 722 819 A,
743 793 815 812 cena
831 786 863 818 B,
884 786 1015 813 Kartena
1034 787 1073 814 Π.
1095 801 1131 805 ——
1151 785 1178 818 5,
1194 785 1208 813 1
1225 788 1344 815 Domini
1357 789 1394 815 D.
1409 803 1447 807 —-

145 821 170 858 6,
192 821 209 849 5
230 822 304 849 Mali
323 830 361 849 ne
381 831 434 849 nos
453 822 488 856 A,
509 831 614 850 nervos
635 822 700 850 GH.
721 837 758 841 —
778 822 804 857 7,
820 823 837 849 7
858 824 1020 859 exemplum
1042 825 1166 860 posteris
1186 824 1219 851 B.
1243 840 1281 844 —
1302 823 1328 858 8,
1343 824 1360 852 2
1383 826 1447 853 fuse

143 861 177 888 Β.
197 875 235 879 -
253 857 281 895 8,
302 859 319 887 5
341 858 443 887 Carnis
464 861 688 888 succinctorium
708 860 743 887 A.
764 875 800 879 -
820 858 847 894 8,
862 859 878 888 6
901 870 956 896 quo
974 865 1091 889 servata
1111 861 1147 889 B:
1172 870 1223 897 ptr
1245 863 1321 898 quod
1341 864 1446 890 refrae-

144 900 215 926 nata
235 899 273 925 A.
293 912 330 917 —
351 894 377 933 8,
399 895 417 925 8
437 898 580 925 adornata
600 897 664 926 GH.
685 913 722 917 —
742 898 799 926 Str.
821 897 837 925 9
858 899 951 926 lautet
968 901 1000 926 in
1020 900 1058 927 A:

467 944 588 973 Sudoris
610 946 764 980 sanguinei
784 946 947 973 balsamum
968 955 1019 982 per
1038 949 1132 974 totum

468 982 579 1018 Corpus
600 985 690 1018 tuum,
714 983 846 1017 Domine,
869 983 1012 1018 diffusum,
1035 987 1183 1021 aegrotum

465 1021 515 1048 Me
535 1023 626 1055 sanet,
649 1029 695 1047 me
715 1022 813 1048 curiae
833 1024 1031 1056 repraesentet
1050 1022 1143 1049 lotum

466 1058 600 1092 Caelesti,
621 1061 761 1094 perpetuo
781 1067 828 1085 me
847 1059 949 1086 reddat
969 1060 1114 1086 devotum.

146 1114 190 1148 10,
207 1112 222 1141 1
243 1117 293 1141 tue
311 1115 347 1142 L.
368 1129 405 1133 —
426 1112 470 1149 10,
486 1112 505 1140 2
523 1115 610 1142 nobis
629 1114 664 1142 A.
684 1128 723 1132 —
743 1113 788 1148 10,
803 1112 821 1142 3
842 1123 878 1142 ex
893 1115 926 1142 A.
948 1131 983 1135 —
1005 1114 1049 1149 10,
1064 1114 1084 1142 4
1110 1116 1230 1141 :tmnium
1254 1117 1446 1143 membrorum

143 1154 176 1187 Β,
197 1152 391 1180 membrorum
413 1161 543 1179 meorum
563 1153 626 1179 DL.
647 1166 685 1170 -
707 1150 750 1185 10,
769 1151 785 1179 5
809 1153 913 1188 legalis
934 1162 1062 1188 purpura
1081 1152 1152 1185 ΘΗ,
1174 1152 1326 1180 foeditates
1347 1154 1448 1181 abluat

144 1193 177 1218 A.
200 1205 235 1209 —
258 1188 301 1223 11,
317 1189 334 1217 5
355 1190 484 1218 Abluent
503 1190 537 1217 A.
558 1204 595 1209 —
618 1188 660 1222 11,
676 1188 692 1217 6
713 1193 747 1217 ut
765 1191 821 1217 tibi
840 1191 1019 1218 iucunde-A.
1040 1207 1076 1210 —
1099 1188 1142 1223 11,
1157 1189 1174 1215 7
1196 1188 1312 1217 Serviat
1332 1194 1361 1218 et
1381 1192 1447 1219 dili-

144 1230 196 1264 gat
218 1227 250 1255 A.
280 1242 315 1246 ———
346 1226 396 1259 11,
421 1226 439 1255 8
458 1229 572 1262 integre
591 1227 732 1263 profunde
754 1229 787 1254 A.
809 1242 846 1246 ——
869 1226 912 1262 12,
932 1226 952 1255 4
971 1237 1067 1255 meum
1087 1229 1234 1254 sternutae
1252 1229 1285 1255 A.
1314 1244 1326 1247 -
1365 1227 1409 1262 12,
1430 1229 1446 1256 5

146 1267 259 1294 Commi
280 1274 315 1293 ea
333 1267 366 1292 in
385 1266 419 1293 A.
439 1280 478 1284 —
500 1264 542 1299 12,
565 1264 582 1293 6
602 1266 648 1293 fae
667 1273 733 1292 cum
755 1267 911 1293 sanctitate
931 1267 964 1293 A.
984 1281 1022 1285 —
1044 1264 1087 1298 12,
1102 1264 1118 1291 7
1140 1266 1301 1293 Ambulans
1323 1270 1353 1293 et
1371 1270 1449 1294 amat

145 1309 207 1332 nec.
235 1304 270 1331 A.
294 1318 331 1322 ——
357 1301 406 1336 13,
429 1302 444 1331 1
469 1304 515 1331 Tu
543 1312 659 1331 roseum
678 1303 778 1338 galeat
796 1304 830 1330 A.
852 1319 887 1323 —
909 1301 954 1338 13,
977 1302 993 1331 5
1014 1304 1094 1332 Satis
1114 1305 1148 1330 ut
1167 1303 1200 1329 A.
1281 1302 1324 1336 13,
1346 1302 1362 1321 ‘²
1384 1306 1445 1340 qui-

145 1350 259 1378 cunque
279 1341 313 1368 A.
333 1357 371 1361 —
392 1340 436 1375 14,
451 1339 469 1369 3
490 1349 532 1377 sq.
553 1342 620 1368 lacu
640 1342 777 1368 miseriae
796 1342 830 1368 A.
852 1356 888 1360 —
911 1340 953 1375 14,
970 1339 986 1368 6
1008 1351 1053 1370 me
1072 1342 1162 1369 traxit
1174 1342 1206 1373 A,
1228 1344 1372 1376 protraxit
1383 1342 1446 1375 DG,

145 1381 220 1407 bona
247 1379 284 1406 D.
307 1393 340 1397 —
364 1377 414 1412 14,
435 1378 452 1406 7
474 1379 524 1406 Sic
548 1379 658 1407 malum
676 1379 711 1405 A.
735 1393 770 1397 —
794 1377 837 1412 14,
858 1377 876 1406 8
897 1381 1040 1414 pertraxit
1058 1380 1092 1406 A.
1112 1393 1150 1397 —
1172 1377 1214 1412 15,
1236 1376 1253 1406 3
1273 1381 1336 1406 vita
1355 1380 1389 1407 A.
1410 1395 1447 1399 —

146 1416 193 1449 16,
215 1416 231 1443 7
258 1417 410 1444 Incentum
435 1418 470 1444 A.
500 1433 535 1437 —
563 1415 614 1451 16,
635 1414 653 1443 8
678 1425 713 1443 ac
739 1417 865 1444 claustro
893 1417 926 1444 B.
954 1433 990 1436 —
1018 1416 1066 1450 17,
1088 1414 1105 1443 3
1130 1425 1193 1443 meo
1220 1420 1339 1451 generet
1357 1418 1389 1444 B.

145 1454 193 1488 17,
215 1452 233 1482 8
263 1463 298 1482 ac
317 1456 548 1490 compassionem
568 1456 604 1483 D.
627 1469 663 1474 ν·-
686 1452 729 1488 18,
751 1452 768 1482 3
791 1454 840 1482 Sic
859 1457 893 1482 ut
911 1456 945 1482 A.
966 1470 1003 1474 —
1025 1453 1068 1488 18,
1089 1453 1105 1480 7
1127 1454 1233 1489 diligat
1251 1455 1285 1482 A.
1305 1470 1340 1475 —
1365 1453 1408 1489 19,
1432 1455 1446 1482 1

143 1496 172 1520 te
201 1492 337 1520 dexterae
363 1493 397 1519 A.
418 1507 456 1511 -—
478 1490 520 1527 19,
545 1491 562 1520 6
582 1501 638 1530 quo
659 1492 850 1520 humanitatis
870 1493 904 1519 A.
988 1491 1032 1526 19,
1053 1492 1069 1519 7
1089 1492 1181 1519 Lacte
1201 1494 1291 1527 poter,
1313 1493 1445 1526 perfruar

142 1533 176 1558 A.
197 1544 234 1548 ·-—
257 1529 299 1565 19,
321 1528 338 1557 8
360 1531 446 1558 melle
466 1530 584 1558 deitatis
605 1532 640 1559 A.
662 1544 697 1548 —
720 1531 777 1558 Str.
800 1529 834 1558 19
855 1531 948 1558 lautet
967 1532 999 1557 in
1018 1531 1091 1558 DL:

469 1579 653 1606 Incessanter
674 1579 782 1614 cogitet
803 1578 838 1605 de
859 1578 1016 1605 dilectione

469 1616 527 1643 Tui
548 1616 643 1643 cordis
665 1624 734 1652 erga
754 1624 809 1649 me,
830 1616 866 1643 de
886 1617 1060 1644 contritione

467 1654 523 1680 Tui
545 1654 639 1681 cordis
660 1656 777 1689 propter
797 1662 850 1687 me,
872 1654 908 1680 de
927 1656 1137 1689 compassione,

471 1691 536 1725 Qua
557 1692 629 1719 mihi
649 1699 816 1726 compassus
839 1700 868 1719 es
889 1693 991 1719 mortis
1011 1693 1043 1719 in
1063 1700 1166 1727 agone.

143 1747 188 1782 20,
210 1745 228 1775 3
254 1748 376 1783 pertulit
401 1749 460 1776 AB.
486 1762 523 1766 —
550 1746 602 1782 20,
626 1746 642 1774 7
669 1748 711 1776 Ut
730 1748 815 1775 huius
836 1749 997 1775 munimine
1016 1749 1050 1775 A.
1072 1762 1107 1768 ν-
1128 1746 1173 1781 20,
1193 1746 1211 1775 3
1232 1748 1323 1775 Omne
1343 1749 1447 1784 pellam

140 1788 226 1815 triste
238 1786 272 1813 A.
294 1801 331 1804 —
351 1786 408 1814 Str.
431 1784 468 1814 20
488 1787 519 1813 in
537 1786 591 1813 DL
612 1785 738 1821 Sanguis
758 1789 826 1813 tuae
846 1786 982 1813 dexterae
1002 1789 1054 1813 otc.
1075 1799 1113 1805 -—
1133 1783 1178 1819 22,
1196 1784 1213 1813 3
1233 1787 1348 1821 postule
1364 1787 1397 1814 A.

141 1823 186 1859 23,
209 1822 226 1850 2
246 1832 316 1860 rogo
338 1827 458 1852 auretur
480 1825 510 1852 B.
534 1839 568 1843 —
591 1821 636 1858 23,
656 1822 674 1850 5
694 1825 758 1851 vita
775 1824 809 1859 B,
828 1832 950 1860 vespere
968 1824 1003 1851 A.
1024 1839 1060 1843 —
1080 1821 1125 1857 24,
1141 1822 1159 1851 3
1179 1824 1245 1851 Hoc
1265 1826 1294 1851 et
1312 1825 1346 1857 B,
1366 1825 1450 1852 Haec

142 1867 186 1891 est
211 1862 331 1889 ADHL.
359 1877 398 1880 —
424 1860 473 1896 24,
495 1860 512 1890 6
539 1863 669 1890 moribus
694 1862 757 1889 DL.
783 1876 819 1880 —
846 1859 892 1895 25,
913 1859 930 1888 2
956 1862 1110 1898 opponatis
1126 1862 1164 1889 H.
1243 1860 1287 1897 25,
1309 1859 1325 1889 3
1347 1862 1448 1891 Evilat

140 1900 208 1929 DH.
234 1914 271 1918 —
299 1898 349 1933 25,
370 1899 389 1927 4
415 1901 472 1928 hoc
492 1902 521 1927 et
541 1901 574 1928 B.
601 1913 637 1919 —·
663 1897 712 1932 25,
734 1898 751 1927 5
778 1900 820 1928 Ut
845 1908 897 1934 pro
925 1902 997 1927 meis
1025 1900 1164 1935 proximis
1190 1900 1229 1933 Β,
1255 1903 1288 1926 ut
1309 1909 1360 1936 pro
1381 1903 1447 1935 mei,

140 1939 267 1975 proximi
288 1938 328 1973 A;
352 1940 385 1965 ut
402 1947 453 1974 pro
474 1940 547 1966 meis
569 1940 598 1965 et
615 1938 742 1974 proximi
762 1937 830 1972 GH,
852 1939 885 1964 ut
906 1946 957 1973 pro
979 1939 1034 1965 mis
1055 1941 1083 1965 et
1105 1939 1232 1973 proximi
1253 1938 1288 1965 L.
1308 1953 1347 1957 —
1366 1936 1410 1973 26,
1433 1938 1447 1966 1

139 1978 189 2005 Me
208 1977 329 2011 gemmis
350 1972 426 2011 AH;
445 1976 619 2004 Iacinthim's
640 1984 686 2002 me
706 1978 772 2011 peto
795 1975 859 2002 DL.
880 1990 916 1994 —
937 1973 982 2011 26,
997 1974 1014 2002 2
1034 1976 1156 2011 gemmis
1177 1976 1308 2003 decorari
1328 1976 1389 2003 DL.
1411 1991 1448 1995 —

140 2013 186 2049 27,
199 2012 216 2041 5
233 2015 319 2041 bonis
334 2014 366 2042 B.
380 2028 419 2033 —
438 2012 484 2048 27,
500 2013 517 2041 7
540 2013 699 2042 Cessarunt
710 2013 767 2040 hoc
780 2013 818 2047 Β,
838 2014 969 2041 tribuent
980 2013 1074 2041 DHL.
1088 2028 1124 2032 --
1144 2011 1190 2046 28,
1205 2013 1221 2040 7
1242 2014 1346 2041 florido
1361 2015 1394 2042 Β.
1413 2029 1440 2033 -

142 2051 187 2086 29,
210 2051 226 2080 6
248 2060 304 2088 quo
327 2052 538 2088 suppliciorum
552 2053 584 2080 B.
600 2065 637 2071 —
651 2049 696 2084 29,
711 2050 728 2077 7
743 2060 832 2087 gener
844 2051 1001 2079 fasciculus
1015 2052 1048 2079 A.
1069 2065 1106 2070 ——
1127 2049 1172 2086 30,
1186 2049 1204 2079 3
1224 2052 1352 2079 liberant
1364 2053 1398 2079 A.
1414 2067 1450 2071 —

141 2089 187 2124 31,
210 2088 230 2117 4
257 2098 314 2126 quo
341 2091 413 2117 mihi
439 2090 474 2117 A.
500 2105 531 2109 —
562 2087 611 2123 31,
633 2088 650 2116 5
675 2090 849 2117 Reservavit
872 2089 913 2122 G,
938 2089 1047 2125 gaudia
1073 2089 1106 2117 A.
1132 2105 1171 2109 -—
1190 2087 1239 2123 31,
1264 2089 1280 2116 7
1308 2090 1450 2126 Regulam

141 2129 201 2157 AG.
222 2142 260 2147 —
280 2125 325 2162 31,
348 2126 366 2156 8
394 2128 581 2164 disciplinam
602 2129 636 2157 G.
657 2143 694 2147 —
714 2125 764 2159 32,
784 2125 802 2153 2
826 2129 1008 2162 promonasti
1026 2128 1060 2155 B.
1081 2142 1118 2147 —
1138 2125 1183 2161 33,
1205 2125 1222 2155 3
1243 2129 1304 2155 sint
1327 2127 1360 2161 G,
1383 2131 1451 2155 sunt

141 2167 179 2201 H,
208 2167 368 2194 virtutibus
394 2166 427 2193 B.
453 2181 491 2185 --
518 2164 569 2199 34,
591 2165 609 2193 2
633 2166 777 2201 perlatum
801 2165 835 2191 A.
857 2179 893 2183 —
917 2163 967 2201 34,
989 2164 1005 2193 5
1033 2167 1146 2194 tribuas
1167 2165 1200 2193 G.
1221 2181 1224 2185 ·
1278 2163 1324 2199 35,
1346 2163 1363 2193 3
1384 2174 1402 2193 a
1421 2169 1450 2194 te

140 2206 173 2233 B.
193 2218 231 2222 —
251 2201 297 2238 35,
313 2203 333 2232 4
353 2204 419 2232 felle
433 2205 468 2232 L.
489 2219 527 2223 —
549 2202 595 2238 35,
610 2203 627 2231 5
649 2203 698 2230 det
717 2203 789 2230 mihi
801 2203 836 2230 A.
857 2218 895 2222 —
914 2201 959 2238 35,
976 2202 992 2231 6
1014 2203 1050 2231 ad
1063 2203 1137 2231 fehlt
1148 2204 1182 2230 B.
1209 2222 1230 2225 —
1260 2201 1304 2235 36,
1321 2202 1339 2230 2
1352 2206 1449 2239 specie

140 2252 176 2271 ac
196 2243 299 2270 decore
310 2243 375 2270 DL.
395 2257 431 2263 —-
451 2240 497 2277 36,
512 2240 529 2270 3
552 2242 704 2270 Oai-entem
723 2242 851 2277 recogito
865 2241 927 2269 DL.
950 2256 961 2260 -
975 2258 981 2261 -
1007 2239 1051 2275 36,
1065 2240 1086 2269 4
1104 2250 1163 2268 non
1183 2242 1247 2268 :aine
1265 2241 1364 2269 dolore
1378 2243 1448 2277 DL;

140 2280 256 2312 laudem
282 2283 311 2308 et
335 2281 477 2308 honorem
503 2281 537 2308 A.
563 2295 601 2300 —
625 2276 676 2313 36,
697 2278 713 2306 7
740 2282 809 2306 sunt
831 2279 887 2306 tibi
908 2279 941 2306 A.
961 2294 1000 2298 —-
1019 2276 1065 2313 37,
1088 2277 1102 2306 1
1127 2279 1234 2306 Vultus
1260 2280 1448 2313 peramabilis

138 2320 202 2348 DL.
223 2333 262 2338 —
284 2316 329 2353 37,
345 2317 361 2346 6
381 2319 504 2346 Plenum
525 2319 593 2351 ΒΗ,
613 2320 658 2346 est
676 2317 739 2345 DL.
760 2332 797 2336 —
817 2314 863 2350 37,
878 2316 894 2343 7
915 2317 999 2351 Quod
1019 2326 1071 2353 per
1084 2317 1146 2344 DL.
1167 2332 1205 2335 —
1224 2317 1269 2351 37,
1284 2315 1301 2345 8
1321 2318 1449 2345 herroris

140 2358 176 2385 A.
197 2372 235 2375 —
255 2354 302 2388 38,
325 2354 344 2384 8
364 2357 451 2384 decus
473 2357 643 2393 angelorum
663 2356 697 2384 G.
717 2370 756 2374 —
776 2353 822 2389 39,
842 2353 860 2381 2
884 2358 913 2382 et
933 2364 1021 2391 quere
1040 2357 1076 2390 B,
1099 2357 1128 2382 et
1147 2364 1233 2391 aegre
1253 2356 1286 2384 G.
1306 2371 1345 2375 —
1363 2354 1409 2389 39,
1431 2354 1449 2384 3

140 2396 384 2430 benignissimum
398 2395 463 2424 GH.
484 2409 521 2414 —
542 2393 587 2430 39,
602 2393 619 2422 5
639 2392 731 2423 Vultu
744 2393 778 2421 A.
798 2408 835 2412 —
859 2390 905 2428 37,
920 2392 938 2422 6
960 2393 1031 2421 Cum
1045 2394 1119 2422 fehlt
1132 2395 1163 2422 B.
1184 2409 1222 2413 —
1242 2392 1287 2429 37,
1303 2393 1319 2421 7
1340 2394 1448 2422 videris
