1650 2612
163 188 217 221 14.

164 414 218 447 15.

165 642 218 675 16.

168 868 221 900 17.

164 1096 219 1128 18.

162 1321 217 1354 19.

158 1548 214 1580 20.

160 1774 215 1807 21.

160 2003 219 2036 22.

152 2223 209 2256 23.

671 94 924 130 -255—

244 190 323 230 Ave,
350 191 437 222 cuius
461 199 550 223 mons
574 190 658 223 filius

244 235 305 268 Dei
330 238 431 276 patris
457 240 505 268 est
528 239 650 276 unicuS,

244 283 282 315 In
307 292 367 323 quo
391 284 493 316 sancti
518 286 728 328 requiescunt,

244 330 304 369 Qui
329 332 491 363 veritatem
520 333 664 372 diligunt.

242 415 323 454 Ave,
350 416 460 455 regina
484 416 650 456 virginum,

243 461 350 494 Mater
374 463 463 503 virgo
488 466 562 503 post
585 462 694 501 filium,

246 509 341 542 Cuius
366 513 478 549 partus
503 510 664 542 hereditas

243 556 280 588 In
306 557 415 588 electis
441 560 490 588 est
515 557 689 598 praeclara.

246 642 327 682 Ave,
354 644 464 681 mater,
492 651 585 680 quam
606 642 773 680 praedicat

245 688 319 720 Iure
344 692 453 720 nostra
477 688 664 727 mortalitas,

246 736 326 776 Quia
349 738 421 767 tuus
447 735 595 768 mirificat

243 783 359 816 Partus
383 783 627 815 misericordias.

247 869 328 908 Ave,
355 876 447 907 quam
473 868 605 900 laudant
629 868 771 907 spiritus,

247 916 304 948 Cui
331 915 432 947 virtus
458 916 559 947 omnis
585 914 731 956 concinit,

242 961 293 994 De
318 962 406 994 cuius
431 963 517 994 caelo
543 961 694 994 Dominus

247 1009 360 1042 Carnis
385 1010 469 1041 nube
492 1009 638 1042 intonuit.

245 1095 326 1134 Ave,
353 1095 440 1126 cuius
463 1094 602 1134 virgineo

245 1142 333 1173 Deus
358 1141 515 1180 processit
538 1140 687 1180 thalamo,

242 1188 352 1221 Dotali
377 1188 467 1220 nobis
493 1188 595 1227 gratia

246 1237 286 1268 Se
310 1235 468 1274 praebens
494 1235 526 1266 in
551 1234 722 1274 sponsalia.

243 1322 323 1359 Ave,
351 1319 436 1361 Sion,
465 1319 504 1350 de
528 1328 589 1359 qua
613 1318 699 1350 Deus

241 1367 309 1399 Nos
333 1369 441 1398 tuetur
464 1366 657 1406 incarnatus,

242 1415 367 1447 Memor
391 1413 494 1445 nostri
517 1413 677 1445 libaminis

241 1463 279 1495 In
304 1469 384 1501 pace
408 1461 457 1492 sui
482 1460 633 1500 corporis.

241 1548 320 1585 Ave,
347 1551 458 1585 mater,
486 1546 573 1579 cuius
598 1548 724 1584 partum

244 1594 399 1627 Caelestis
424 1596 517 1633 pater
542 1594 667 1624 unicum

240 1643 278 1675 In
305 1641 465 1672 saeculum
494 1641 549 1672 dat
571 1640 717 1680 gentibus

241 1690 278 1722 In
304 1686 591 1720 benedictionibus.

243 1774 324 1813 Ave,
350 1776 462 1814 mater,
490 1772 579 1804 cuius
603 1775 739 1812 partum,

240 1822 359 1854 Panem
384 1821 467 1851 vitae
491 1820 583 1851 nobis
607 1818 734 1861 factum,

240 1869 378 1908 Pingues
392 1871 508 1907 terrae,
524 1876 562 1899 ex
576 1875 636 1906 quo
650 1867 767 1906 vivant,

238 1916 284 1949 Et
308 1916 501 1947 manducant
528 1918 559 1946 et
583 1914 727 1946 adorant.

243 2004 325 2040 Ave,
351 2004 461 2033 nostra
484 2000 680 2041 advocatrix,

242 2050 337 2083 Cuius
362 2052 473 2089 partus
498 2056 607 2079 mensa
631 2047 742 2087 patris,

238 2098 301 2130 Est
324 2097 414 2129 nobis
441 2094 624 2133 consolatio,

237 2145 287 2178 Ne
313 2143 440 2184 frangat
467 2142 639 2175 tribulatio

236 2224 316 2261 Ave,
341 2220 451 2261 regina
476 2218 606 2260 gratiae,

238 2269 334 2302 Cuius
358 2270 470 2309 partus
495 2276 553 2299 rex
577 2265 707 2308 gloriae,

236 2317 306 2349 Rex
331 2320 380 2348 est
404 2316 555 2348 virtutum
580 2312 743 2350 Dominus,

235 2364 307 2399 Lux
333 2364 373 2397 de
394 2364 475 2404 luce,
504 2362 647 2395 Christus
664 2360 762 2394 Deus.

841 192 895 224 24.

840 419 895 450 25.

842 644 896 674 26.

842 869 897 900 27.

842 1095 896 1127 28.

840 1321 895 1352 29.

841 1546 894 1578 30.

839 1772 893 1804 31.

838 2000 893 2032 32.

921 192 1000 234 Ave,
1028 191 1113 223 cuius
1137 189 1278 230 virgineo

921 239 1080 271 Processit
1104 246 1121 268 e
1145 236 1283 268 sacrario

923 287 996 319 Una
1018 286 1104 317 salus
1128 285 1210 315 omni
1234 284 1362 322 munde,

920 333 1029 364 Dulcis
1053 332 1150 369 Deus,
1176 333 1281 362 rectus
1304 330 1407 362 homo.

919 418 999 459 Ave,
1025 419 1134 448 nostra
1158 416 1342 448 advocatrix

920 464 965 496 Et
986 465 1147 502 lapsorum
1172 463 1361 502 reparatrix,

922 511 971 543 De
996 520 1057 550 qua
1082 510 1165 541 Deus
1190 509 1292 541 factus
1317 510 1407 540 homo

921 558 1012 589 Solus
1036 557 1124 589 stetit
1147 557 1178 588 in
1205 557 1335 589 directo.

925 644 1000 681 Ave,
1024 646 1136 682 mater,
1163 642 1249 673 cuius
1274 650 1406 680 sponsus

920 690 964 721 Et
988 692 1111 721 creator
1135 692 1166 719 et
1191 688 1283 722 filius,

922 736 1007 768 Deus
1031 736 1230 778 illuminatio,

922 783 1012 815 Salus
1038 787 1085 814 est
1109 786 1138 814 et
1164 783 1348 821 redemptio.

922 869 1001 907 Ave,
1029 872 1130 900 mater
1153 867 1373 906 redemptoris,

927 915 1006 947 Caro
1033 916 1119 947 cuius
1144 913 1291 950 effloruit,

925 962 1055 1000 Quando
1074 970 1184 1001 passus
1198 965 1320 1000 gustum
1333 960 1443 992 mortis

923 1009 973 1041 De
998 1009 1142 1048 sepulcro
1167 1008 1351 1040 resurrexit.

923 1096 1002 1132 Ave,
1026 1097 1129 1125 mater
1154 1093 1318 1133 castitatis,

923 1141 972 1172 De
996 1150 1058 1179 qua
1080 1141 1167 1172 Deus
1192 1140 1363 1172 maiestatis

922 1188 1154 1228 Scripturarum
1182 1196 1273 1219 voces
1298 1187 1379 1227 pluit

921 1235 964 1267 Et
987 1235 1119 1266 virtutes
1143 1235 1289 1267 intonuit.

922 1321 999 1356 Ave,
1026 1322 1136 1361 mater,
1164 1320 1250 1351 cuius
1276 1322 1385 1357 partus

922 1366 1126 1407 Resurgendo
1151 1367 1241 1398 nobis
1267 1366 1369 1398 factus

924 1414 1084 1445 Matutina
1107 1414 1240 1454 laetitia,

920 1461 1037 1492 Nostra
1060 1469 1133 1500 spes
1160 1464 1208 1492 est
1233 1465 1264 1492 et
1288 1460 1397 1501 gloria.

920 1547 1000 1588 Ave,
1028 1546 1171 1578 caelestis
1199 1546 1336 1586 domina,

923 1593 1017 1625 Cuius
1042 1596 1152 1633 partus
1175 1593 1297 1624 iustitia

920 1640 981 1672 Est
1005 1644 1114 1672 nostra
1138 1639 1284 1672 liberatio

920 1687 965 1719 Et,
987 1687 1021 1718 in
1045 1688 1147 1719 Deum
1171 1688 1337 1728 protectio.

920 1773 1000 1812 Ave,
1026 1775 1127 1803 mater
1151 1772 1333 1812 singularis,

922 1819 1018 1852 Cuius
1042 1820 1122 1851 haec
1146 1823 1195 1851 est
1218 1819 1407 1859 fecunditas,

920 1867 988 1906 Qua
1011 1866 1113 1898 beatis
1139 1867 1216 1898 viris
1242 1867 1343 1899 omnis

918 1914 1103 1946 Remittitur
1125 1914 1287 1954 iniquitas.

919 2000 1000 2039 Ave,
1027 2001 1121 2032 stella
1145 2000 1318 2042 virginalis,

917 2047 1012 2080 Cuius
1036 2051 1147 2087 partus
1171 2048 1339 2088 singularis

920 2095 971 2127 De
996 2096 1149 2127 cathedra
1173 2105 1229 2127 nos
1256 2095 1373 2138 docuit,

917 2144 954 2175 In
981 2151 1074 2174 cruce
1099 2144 1225 2183 quando
1250 2142 1338 2175 obiit.

917 2218 984 2258 Ipsi
1009 2221 1084 2250 tunc
1109 2218 1188 2251 bene
1213 2218 1378 2258 psallimus

915 2266 1033 2298 Decem
1059 2266 1185 2298 chordis
1211 2266 1365 2307 psalterii,

914 2314 969 2346 Ad
993 2314 1094 2354 ipsum
1123 2322 1190 2345 cum
1216 2312 1383 2345 referimus

918 2361 1109 2403 Decalogum
1134 2361 1287 2402 mysterii.
