1650 2612
173 168 216 201 37

171 383 213 414 38

172 598 225 629 39.

173 813 228 845 40.

175 1029 230 1060 41.

175 1243 230 1275 42.

177 1460 233 1491 43.

178 1749 209 1781 1.

683 70 918 104 -46-

223 193 229 199 .
255 167 335 208 Ave,
360 168 443 209 1esu,
469 166 570 198 duleis
593 166 682 204 mire,

254 213 301 246 Tu
322 222 372 245 me
397 214 475 245 velis
501 212 668 253 custodire,

257 261 298 294 Ut
323 269 382 292 non
410 260 527 299 possim
552 259 682 290 interire

255 309 283 339 A
308 306 416 338 furore
439 309 513 337 tuae
535 306 612 337 irae.

218 406 224 412 .
251 382 329 420 Ave,
356 382 438 419 Iesu,
466 379 515 421 da,
542 378 625 417 quod
654 381 776 409 crescat

252 428 291 459 In
314 435 364 458 me
389 428 504 458 donum
527 433 586 457 nee
610 427 761 467 tepeseat,

252 474 352 505 Amor
377 475 448 504 ‘tuus
473 481 536 503 non
562 472 716 503 lentescat

252 520 314 552 Sed
342 528 395 551 cor
419 528 521 550 meum
548 518 710 550 coalescat..

252 596 330 635 Ave,
356 595 438 634 lesu,
465 603 555 634 quem
579 593 697 634 vocavi,

256 643 352 681 Quem
378 641 516 684 cognovi,
545 650 635 680 quem
657 640 774 681 optavi,

254 690 315 721 Pro
341 697 447 721 amore
471 692 524 719 tuo
549 688 638 719 suavi

252 737 299 768 Te
324 738 509 775 exspectans
535 734 709 774 expectavi.

255 813 333 851 Ave,
358 811 441 850 Iesu,
467 819 577 850 meque
598 819 683 852 sana,

257 859 314 897 Qui
339 866 397 897 per
421 859 519 889 multa
542 855 618 888 fluxi
644 866 733 898 vana,

256 907 294 937 In
306 914 365 942 me,
382 905 464 944 quod
475 906 657 944 esttortum,
667 904 773 944 plana,

257 952 301 984 Ut
325 951 483 983 albescam
508 950 594 983 velut
617 950 699 982 lana.

257 1028 336 1069 Ave,
360 1027 443 1065 Iesu,
470 1027 567 1058 eorda
590 1035 715 1066 sanans,

254 1074 302 1105 Tu
329 1074 432 1105 vitalis
457 1074 542 1105 rivus
568 1082 707 1112 manans,

257 1122 318 1153 Gor
342 1124 374 1151 te
396 1128 498 1151 meum
523 1119 580 1151 fiat
602 1128 718 1162 amans,

256 1169 285 1198 A
310 1169 342 1197 te
365 1166 476 1198 satiari
500 1167 647 1199 clamans..

256 1243 335 1283 Ave,
360 1242 444 1280 Iesu,
471 1241 593 1281 fulgens
619 1242 713 1281 clare,

258 1289 311 1320 Me
336 1288 465 1328 dignare
488 1290 521 1319 te
544 1289 686 1328 laudare,

257 1336 353 1374 Quem
372 1335 552 1367 collaudant
563 1338 657 1377 astra,
680 1343 775 1374 mare,

258 1382 370 1414 Vultus
394 1382 455 1412 mei
480 1382 628 1416 salutare,

259 1458 339 1499 Ave,
364 1466 423 1496 pro
450 1458 552 1489 salute
576 1457 676 1500 datus,

257 1505 358 1536 Preee
382 1504 493 1535 matris
516 1504 695 1543 suscitatus,

258 1551 368 1591 Surge,
392 1551 464 1583 Iesu
487 1554 664 1592 soporatus,

260 1598 309 1629 Ne
334 1607 389 1630 nos
412 1601 534 1638 mergat
548 1598 657 1629 mundi
673 1596 775 1629 flatus.

844 163 900 196 44.

842 426 897 457 45.

842 632 897 664 46.

844 836 899 869 47.

845 1046 900 1078 48.

847 1252 902 1283 49.

849 1458 903 1489 50.

925 164 1004 207 Ave,
1031 165 1114 204 Iesu,
1137 161 1266 194 verbum
1291 160 1417 199 bonum,

923 210 996 242 Non
1026 210 1110 250 quod
1131 208 1247 240 transit
1267 208 1340 246 post
1365 206 1448 236 hunc

1222 263 1342 291 sonum,

925 303 989 335 Sed
1002 302 1088 342 quod
1100 301 1182 334 caeli
1194 301 1277 340 regit
1289 300 1446 340 thronum,

923 350 1019 382 Pater
1037 350 1141 380 ructat
1153 355 1306 379 summum
1320 346 1446 378 bonum.

924 424 1007 462 Ave,
1032 423 1116 462 Iesu,
1141 424 1173 453 et
1197 422 1323 453 adiutor

923 469 1003 502 Esto
1029 477 1114 500 meus
1139 470 1233 509 atque
1257 471 1352 509 tutor,

924 517 959 550 Si
983 525 1045 548 non
1071 516 1158 554 ades,
1183 524 1257 547 mox
1274 517 1445 554 permutor,

923 563 969 596 Et
990 564 1115 604 peceati
1139 561 1248 595 foedat
1271 564 1374 601 putor.

925 630 1003 673 Ave,
1031 630 1113 672 Iesu,
1140 627 1191 660 fac
1216 628 1390 668 gaudentes

924 677 973 709 De
997 679 1028 708 te
1054 679 1123 707 tuos
1147 677 1394 715 praesumentes,

927 724 985 757 Oui
1009 723 1165 762 plaudunt
1189 731 1295 754 omnes
1320 725 1438 763 gentes,

924 770 971 803 Te
995 778 1130 810 agnosce
1156 769 1333 809 diligentes.

925 837 1004 879 Ave,
1030 835 1112 873 Iesu,
1137 843 1194 866 rex
1219 833 1362 866 sublimis

927 883 972 915 Et
987 882 1176 921 laudanduS,
1196 890 1327 921 magnus
1344 881 1447 921 nimis,

928 931 1139 970 Congregatos
1164 937 1220 960 nos
1245 929 1285 960 ab
1310 928 1381 960 imis

928 977 1077 1011 Goaduna
1102 976 1181 1008 caeli
1205 975 1326 1015 primis.

926 1044 1005 1082 Ave,
1031 1044 1066 1073 'tu
1090 1042 1143 1081 qui
1167 1050 1294 1080 semper
1318 1041 1413 1079 vives,

927 1089 975 1122 Ne
999 1097 1048 1121 me
1072 1087 1179 1120 fructu
1201 1088 1286 1121 vitae
1309 1087 1428 1127 prives,

928 1136 999 1173 Ubi,
1026 1136 1109 1175 Iesu,
1136 1135 1182 1166 tui
1209 1135 1292 1166 cives

927 1182 1025 1215 Simul
1050 1191 1171 1222 pauper
1196 1185 1269 1213 sunt
1294 1185 1327 1212 et
1351 1181 1448 1213 dives.

927 1250 1008 1290 Ave,
1036 1249 1131 1280 decus
1156 1248 1349 1285 meritorum,

926 1297 994 1328 Fae
1018 1296 1061 1327 ad
1085 1298 1203 1326 sortem
1227 1294 1365 1327 filiorum

929 1342 1117 1383 Congregari
1141 1350 1191 1373 me
1215 1345 1349 1385 tuorum,

929 1391 1011 1429 Iesu,
1035 1389 1121 1421 Deus
1146 1392 1180 1420 tu
1207 1389 1346 1423 deorum.

929 1457 1009 1496 Ave,
1033 1456 1117 1495 Iesu,
1144 1464 1224 1494 agne
1246 1455 1317 1495 Dei,

928 1503 1094 1542 Miserere,
1121 1511 1246 1542 quaeso,
1273 1503 1345 1544 mei,

931 1550 964 1582 Si
989 1549 1064 1589 quid
1090 1558 1212 1588 quoque
1231 1548 1299 1581 fero
1325 1550 1382 1587 rei,

930 1597 1029 1640 Tolle,
1056 1595 1156 1629 robur
1181 1598 1308 1628 nostrae
1332 1597 1411 1636 spei.

548 1683 735 1715 Secunda.
761 1682 1069 1722 Quinquagena.

236 1750 317 1790 Ave,
339 1750 421 1789 Iesu,
447 1750 489 1781 ad
513 1757 605 1789 quem
628 1747 699 1789 fleo,

236 1796 328 1828 Dona
351 1796 437 1837 mihi,
463 1797 517 1828 lux
543 1798 582 1828 de
608 1796 686 1836 Deo,

236 1843 285 1875 Ne
309 1843 342 1874 in
368 1843 464 1875 corde
487 1844 581 1874 velim
605 1852 674 1874 meo

237 1890 376 1921 Gloriari
399 1891 433 1921 ni
456 1890 489 1921 in
513 1890 591 1923 Deo,

236 1965 315 2002 Ave,
341 1965 423 2004 Iesu,
449 1966 485 1995 ‘tu
508 1973 634 1995 amarae

235 2012 356 2044 Dulcor
380 2012 508 2051 mentis.
535 2010 587 2042 fac
610 2019 660 2042 me
685 2014 780 2049 stare,

238 2059 284 2090 Te
308 2059 446 2090 timendo
472 2058 634 2097 trepidare

239 2105 307 2138 Nec
329 2106 362 2137 in
388 2115 501 2137 vanum
528 2104 697 2137 declinare.

206 2208 212 2213 .
241 2182 319 2219 Ave,
346 2182 427 2221 Iesu,
452 2181 494 2212 ad
519 2181 657 2212 solamen

236 2229 333 2262 Mitte
356 2228 446 2260 nobis
471 2236 595 2259 sacrum
617 2226 742 2267 flamen,

240 2276 282 2309 Ut
308 2276 348 2307 sit
373 2275 464 2307 nobis
490 2274 676 2307 adiuvamen

240 2322 413 2357 Tribulatis
440 2324 471 2353 et
494 2323 646 2356 levamen,

848 1751 883 1781 4.

852 1967 882 1997 5.

908 1749 987 1785 Ave,
1012 1746 1084 1781 Iesu
1108 1747 1152 1777 mi
1178 1747 1319 1786 colende,

905 1796 959 1826 Me
985 1793 1098 1826 exaudi
1124 1797 1156 1824 et
1179 1793 1319 1834 intende,

907 1842 1002 1874 Fletu
1026 1840 1136 1872 mortis
1160 1840 1198 1872 ab
1223 1840 1413 1883 horrendae,

907 1889 955 1920 Te
979 1897 1085 1927 exoro,
1111 1896 1162 1919 me
1187 1886 1334 1922 defende.

909 1965 988 2002 Ave,
1013 1964 1096 2002 Iesu,
1121 1963 1199 1994 ‘tolle
1223 1966 1351 2005 metum,

912 2011 1014 2043 Cerne
1038 2010 1129 2041 malis
1154 2019 1205 2041 me
1228 2012 1396 2053 repletum,

908 2058 948 2089 In
974 2059 1143 2095 conspectu
1168 2059 1221 2089 tuo
1246 2056 1353 2090 fletum

908 2105 996 2137 Pone
1019 2112 1131 2143 meum,
1158 2102 1210 2135 fae
1233 2114 1284 2136 me
1306 2106 1436 2139 laetum.

879 2206 885 2212 .
912 2181 990 2216 Ave,
1015 2179 1099 2217 Iesu,
1123 2179 1226 2211 lumen
1255 2182 1385 2221 clarum,

910 2227 997 2258 Mira
1019 2225 1098 2258 facis
1122 2235 1182 2257 nee
1207 2229 1255 2258 es‘c
1278 2236 1394 2271 rarum,

912 2273 979 2305 Fac
1002 2272 1104 2305 foveri
1129 2273 1186 2305 sub
1212 2274 1332 2306 alarum

913 2321 1105 2361 Tegumento
1130 2329 1180 2353 me
1203 2324 1339 2357 tuarum.
