1650 2612
712 132 964 168 —205—

226 223 259 255 3.
285 223 365 263 Ave,
392 224 443 256 via
470 226 580 257 veniae

335 274 366 302 et
390 280 463 312 spes
487 281 601 314 magna
624 275 681 312 rei.

288 317 353 349 Vas
379 318 617 353 misericordiae

336 368 368 397 et
392 367 446 398 lux
472 368 603 409 requiei,

290 414 376 445 Arca
400 414 586 454 sapientiae,

336 465 430 500 porta
454 464 567 501 patens
593 462 662 504 Dei,

288 507 440 540 Genetrix
466 509 660 548 clementiae,

334 556 485 587 miserere
509 557 580 591 mei.

228 632 260 664 4.
285 632 365 670 Ave,
393 640 473 672 quae
497 632 530 663 in
554 633 676 664 malitia

334 679 404 711 odis
430 679 610 722 gloriantes,

289 725 430 758 Praediti
455 726 578 758 iustitia

333 773 392 805 tibi
416 773 479 804 sint
500 777 659 816 vacantes,

288 820 340 863 Ut,
369 820 422 860 qui
445 820 478 851 in
500 821 615 852 militia

335 871 407 899 sunt
431 868 643 907 agonizantes,

290 914 432 947 Tandem
459 923 527 946 cum
552 915 685 947 victoria

334 961 414 993 fiant
437 961 678 1002 triumphantes

230 1038 260 1069 5.
287 1038 366 1080 Ave,
395 1037 444 1068 cui
471 1037 641 1076 displicent

337 1083 381 1125 hi,
408 1084 460 1123 qui
486 1084 544 1115 sibi
571 1084 708 1123 placent,

289 1131 353 1163 Sed
378 1131 430 1171 qui
456 1131 549 1162 modo
574 1132 708 1162 reticent

336 1182 368 1209 et
391 1188 411 1210 a
434 1178 559 1209 laudari
586 1181 707 1215 cavent,

287 1226 346 1265 Qui
371 1234 405 1256 se
429 1225 480 1255 hic
505 1224 652 1265 abicient,

335 1275 365 1303 et
390 1272 546 1303 servando
571 1273 706 1311 perdent

287 1319 414 1351 Abiecti
438 1319 634 1359 pervenient,

331 1367 387 1398 ubi
410 1375 468 1397 sua
493 1369 633 1398 cernent.

707 1298 715 1315 7

229 1444 260 1475 6.
286 1442 366 1483 Ave,
395 1444 428 1473 et
451 1441 484 1472 in
509 1443 634 1473 nomine

333 1493 387 1521 tuo
412 1497 462 1519 me
489 1488 542 1520 fac
565 1490 697 1529 salvum,

286 1536 369 1568 Nam
393 1536 479 1568 salus
504 1545 562 1575 pro
589 1537 713 1568 homine

333 1586 419 1615 tuum
446 1582 482 1614 fit
506 1592 564 1622 per
589 1584 704 1624 alvum,

284 1631 370 1671 Ergo
397 1631 573 1662 voluntarie

334 1678 469 1717 psallam
494 1678 553 1708 tibi
580 1679 716 1718 dignum,

288 1726 447 1764 Quatenus
469 1725 611 1764 plenarie

334 1781 479 1813 superem
504 1773 684 1813 malignum.

227 1850 256 1881 7.
285 1850 364 1882 Ave.
392 1857 471 1889 quae
496 1849 689 1888 praecipitas

332 1897 455 1938 linguas
483 1896 695 1936 detrahentes,

285 1944 410 1976 Habeat
437 1944 515 1975 haec
541 1944 653 1975 civitas

335 1993 439 2024 nullos
464 1992 521 2023 has
547 1992 708 2034 habentes,

285 2040 382 2073 Absit
407 2039 485 2072 haec
509 2039 671 2080 iniqmtaS,

327 2089 374 2120 uti
398 2087 573 2120 servientes

287 2136 359 2168 Tibi
387 2135 492 2167 cordis
517 2134 639 2174 puritas

334 2183 432 2216 faciat
456 2183 628 2222 placentes.

224 2261 254 2294 8.
281 2260 361 2303 Ave,
389 2267 468 2300 quae
496 2257 636 2290 vivificas

331 2316 440 2340 servos
465 2309 518 2338 tuo
545 2306 641 2345 cultu,

285 2356 332 2388 Tu
357 2356 482 2388 illorum
509 2354 657 2385 lacrimas

332 2411 425 2435 cerne
450 2403 503 2442 pio
529 2402 617 2433 vultu

904 448 935 479 9.

886 853 937 884 10.

883 1256 936 1289 11.

880 1662 933 1694 12.

883 2070 938 2102 13.

964 230 1073 270 Neque
1099 228 1201 268 frangi
1228 228 1352 260 desinas

1009 276 1142 309 hostium
1170 276 1298 316 insultu,

964 324 1027 357 Sed
1051 325 1103 364 pie
1128 323 1243 362 eripias

1011 372 1050 403 ab
1076 370 1160 402 omni
1184 370 1329 402 tumultu.

963 450 1040 485 Ave,
1066 447 1099 478 in
1125 454 1187 485 qua
1210 445 1313 476 anima

1008 493 1092 525 servi
1117 493 1162 525 tui
1187 491 1268 531 fidit,

962 541 1020 580 Qui
1045 543 1168 572 tuarum
1192 539 1329 579 tegmina

1009 588 1128 619 alarum
1155 586 1319 627 quaesivit,

963 635 1034 666 Non
1059 634 1132 666 tulit
1155 633 1311 672 incendia,

1010 681 1113 713 carnis
1138 681 1164 711 si
1190 680 1284 712 evicit

962 728 1069 760 Luxus
1094 730 1187 767 atque
1212 727 1289 758 vitia

1011 775 1150 807 concitus
1176 774 1335 806 contrivit.

964 853 1043 891 Ave,
1071 849 1157 882 cuius
1182 849 1265 881 filius

1009 899 1120 929 horum
1147 896 1243 937 fregit
1267 896 1388 939 dentes,

964 946 1023 985 Qui
1047 944 1196 976 furebant
1219 945 1341 975 saevius

1011 1000 1102 1032 quam
1128 989 1189 1022 feri
1213 993 1387 1030 serpentes,

963 1040 1020 1071 Eis
1045 1038 1288 1076 obsequentibus

1011 1087 1097 1117 virus
1122 1083 1334 1125 infundentes,

965 1133 1008 1165 Ut
1030 1143 1048 1164 a
1072 1130 1136 1164 fide
1158 1132 1256 1170 ipsius

1010 1180 1148 1211 alienent
1171 1182 1302 1212 menteS.

963 1256 1043 1295 Ave,
1070 1253 1250 1291 delectatio,

1008 1302 1042 1333 in
1067 1310 1129 1341 qua
1151 1301 1320 1340 requiescit

963 1349 1081 1381 Nostra
1106 1348 1263 1390 cogitatio,

1009 1396 1134 1436 quando
1160 1404 1220 1426 non
1248 1396 1392 1436 tepescit,

963 1444 1032 1476 Tua
1056 1442 1216 1474 miseratio

1007 1492 1040 1522 in
1065 1499 1123 1522 nos
1149 1493 1224 1521 tunc
1249 1490 1414 1532 excrescit,

963 1538 1040 1570 Cum
1066 1546 1122 1569 nos
1148 1537 1311 1568 tribulatio

1011 1585 1158 1617 fortiores
1183 1584 1300 1617 reddit.

962 1662 1039 1703 Ave,
1066 1660 1226 1701 generatio

1009 1716 1100 1748 quam
1126 1707 1200 1738 tulit
1223 1708 1361 1748 spinosa,

961 1756 1047 1787 Mira
1071 1754 1249 1795 pullulatio,

1008 1802 1046 1834 fit
1071 1801 1111 1834 de
1135 1802 1226 1840 spina
1254 1810 1334 1840 rosa,

968 1850 1085 1881 Salutis
1110 1852 1158 1879 est
1183 1851 1263 1880 ratio

1011 1898 1050 1928 de
1075 1896 1167 1937 culpa
1192 1896 1357 1935 probrosa,

962 1945 1036 1977 Fuit
1062 1944 1250 1976 restauratio

1009 1991 1095 2025 facta
1118 1992 1264 2032 gloriosa.

963 2070 1043 2107 Ave,
1070 2077 1149 2109 quae
1175 2068 1316 2109 propitia

1011 2115 1127 2148 nostris
1154 2124 1186 2147 es
1211 2117 1361 2157 peccatis,

965 2166 1156 2204 Quamquam
1183 2162 1278 2195 foeda
1303 2164 1380 2196 vitia

1010 2212 1079 2244 odis
1104 2211 1137 2243 in
1162 2212 1290 2254 renatis,

962 2259 1033 2291 Non
1060 2262 1163 2291 tamen
1190 2259 1308 2290 auxilia

1010 2307 1097 2339 nulla
1121 2304 1186 2337 fers
1213 2305 1358 2346 foedatis,

965 2355 1025 2386 Per
1049 2358 1104 2386 tua
1126 2354 1269 2386 subsidia

1011 2402 1141 2434 mundas
1167 2400 1258 2433 faece
1283 2402 1391 2442 gratis,
