1650 2612
205 226 258 259 17.

208 444 261 477 18.

711 134 966 169 -269-

285 227 365 266 Ave,
392 227 461 260 laus
486 232 518 260 et
542 228 706 269 fortitudo,

286 273 362 305 Mea
386 283 458 315 spes
484 279 516 307 et
540 277 706 316 certitudo,

286 319 372 352 Hinc
405 323 559 363 impulsus
584 324 625 355 ad
649 326 682 354 te
704 332 812 364 pergo,

285 366 360 399 Mea
385 370 469 401 salus
495 373 529 401 tu
554 370 597 402 sis
623 379 707 411 ergo.

288 444 367 486 Ave,
393 453 453 485 per
477 455 570 486 quam
592 448 666 477 sunt
688 446 783 490 beati,

286 491 346 530 Qui
371 491 482 524 vivunt
505 493 697 524 immaculati

285 538 331 569 Et
355 538 408 578 qui
433 543 562 571 servant
583 540 682 581 legem
708 539 778 580 Dei,

288 585 332 618 Ut
355 593 415 617 nec
439 587 544 618 verbis
569 589 701 627 peccent
727 588 764 619 ei.

195 671 237 703 18
247 670 277 703 b.
288 670 367 710 Ave,
394 675 495 704 mater
517 676 647 711 portans
673 680 789 712 regem,

288 717 347 756 Qui
367 718 422 750 dat
439 719 558 750 cunctis
577 720 688 751 bonam
700 719 812 760 legem,

288 765 401 796 Deduc
424 775 481 798 nos
506 767 538 797 in
561 766 682 798 iustitia

287 812 333 844 Et
356 821 418 845 non
443 813 476 844 in
502 813 646 845 avaritia.

195 899 271 931 180.
288 897 369 938 Ave,
395 907 553 938 nunquam
578 907 658 938 quae
683 897 800 930 defecit

289 944 397 976 Servis
423 946 487 977 suis
511 954 570 977 nec
596 945 712 977 deiecit

287 993 361 1024 Iesu
387 991 514 1025 Christo
539 991 727 1024 famulantes

288 1039 332 1071 Et
355 1048 419 1071 non
443 1040 526 1071 male
549 1038 738 1072 fabulantes,

194 1124 236 1157 18
246 1125 276 1158 d.
288 1125 366 1163 Ave,
397 1133 476 1164 quae
500 1124 660 1155 mirabilia

207 1354 262 1385 19.

204 1581 258 1613 20.

207 1809 263 1841 21.

206 2037 262 2068 22.

206 2267 260 2298 23.

288 1171 356 1203 Deo
384 1171 440 1203 das
466 1171 656 1210 testimonia,

288 1220 352 1251 Per
374 1227 454 1258 quae
479 1227 536 1250 nos
559 1218 718 1249 illuminat

288 1266 333 1298 Et
355 1266 474 1297 lucrari
501 1265 670 1298 desiderat.

288 1352 368 1394 Ave,
395 1353 463 1384 sole
486 1351 632 1390 lucidior,

287 1399 340 1430 Ad
365 1401 398 1429 te
424 1399 534 1439 clamo,
561 1407 631 1430 cum
657 1397 802 1438 tribulor,

287 1446 418 1479 Custodi
440 1455 490 1477 me
515 1448 547 1477 et
569 1445 681 1483 libera,

286 1493 336 1525 Ne
363 1494 473 1526 cadam
497 1493 530 1524 in
554 1492 737 1532 praeterita.

285 1579 366 1617 Ave,
392 1577 453 1610 Dei
478 1577 647 1617 tugurium,

285 1626 350 1658 Per
375 1628 408 1657 te
432 1634 548 1666 quaero
574 1624 735 1662 auxilium,

286 1673 453 1706 Auxilium
477 1682 496 1704 a
522 1672 655 1704 Domino

287 1721 391 1753 Datur
414 1721 508 1753 beato
532 1719 646 1752 animo.

289 1807 369 1846 Ave,
396 1815 454 1847 per
479 1814 572 1846 quam
598 1814 665 1836 sum
682 1804 817 1836 laetatus

290 1854 335 1887 Et
358 1854 392 1885 in
419 1854 544 1886 Christo
569 1853 629 1884 iam
656 1854 795 1893 renatus,

287 1902 376 1941 Roga
392 1900 505 1941 Deum,
533 1908 612 1940 quae
629 1902 702 1930 sunt
718 1900 816 1941 pacis,

289 1949 391 1990 Quod,
408 1952 444 1981 ut
462 1949 568 1989 credo,
587 1955 711 1986 semper
728 1946 818 1980 facis,

291 2035 370 2073 Ave,
398 2035 509 2066 videns
534 2042 593 2074 per
618 2031 785 2074 cancelIOS,

290 2082 342 2115 Ad
369 2084 401 2112 te
423 2082 494 2113 levo
518 2089 602 2112 nunc
628 2079 754 2122 ocellos,

290 2130 448 2162 Miserere
471 2137 596 2168 semper
620 2126 731 2166 nostri,

291 2177 342 2210 Ne
369 2177 581 2217 despiciamur
604 2174 727 2206 maesti.

284 2265 365 2304 Ave,
389 2263 451 2296 Dei
473 2262 610 2301 dilectio,

286 2311 389 2351 Eripe
412 2321 463 2344 me
489 2311 529 2342 de
552 2310 675 2349 laqueo,

288 2359 338 2390 De
361 2359 474 2400 laqueo
501 2357 681 2390 venantium

288 2407 333 2439 Et
356 2407 465 2449 lingua
489 2403 737 2447 malignantium.

882 231 937 263 24.

883 448 937 480 25.

884 675 937 706 26.

883 899 938 932 27.

887 1127 941 1159 28.

887 1353 941 1385 29.

887 1580 940 1612 30.

889 1806 944 1839 31.

888 2034 942 2067 32.

889 2262 942 2294 33.

963 230 1041 270 Ave,
1067 229 1126 261 tibi
1149 236 1274 267 semper
1300 227 1417 268 dicunt,

963 276 1021 314 Qui
1046 277 1178 307 multum
1200 275 1234 306 in
1259 279 1290 306 te
1315 273 1483 316 confidunt,

963 322 1166 355 Declinantes
1190 323 1236 354 sic
1260 331 1279 353 a
1303 321 1399 354 sorde

964 370 1044 402 Boni
1068 372 1141 401 sunt
1164 372 1196 401 et
1217 369 1297 400 recti
1322 368 1427 403 corde,

963 447 1042 486 Ave,
1067 448 1167 478 mater
1188 445 1261 477 novi
1285 445 1361 486 nati,

964 495 1026 526 Per
1051 502 1142 532 quam
1167 501 1271 525 sumus
1296 492 1459 533 consolati,

963 541 1054 572 Facti
1078 549 1183 572 sumus
1207 539 1270 570 iam
1294 538 1414 578 laetati,

964 587 1023 626 Qui
1048 595 1170 619 eramus
1196 586 1356 625 captivati.

964 673 1043 712 Ave,
1072 673 1185 704 donum
1211 670 1390 713 aedificans,

964 720 1002 751 In
1027 728 1089 759 qua
1111 720 1250 751 salvator
1274 718 1429 760 habitans,

964 767 1027 798 Hic
1052 766 1107 798 det
1129 766 1219 799 nobis
1244 766 1412 804 civitatem,

965 814 1066 846 Deum
1089 814 1122 845 in
1145 813 1363 845 hereditatem.

963 899 1041 941 Ave,
1068 899 1176 931 fovens
1199 899 1233 929 in
1256 898 1415 930 saeculum

966 947 1090 986 Omnes,
1112 946 1164 986 qui
1182 946 1295 976 timent
1309 944 1488 985 Dominum,

965 993 1014 1024 Tu
1037 994 1163 1025 novella
1186 993 1348 1033 olivarum,

968 1040 1046 1079 Spes
1073 1042 1253 1071 cunctarum
1278 1039 1460 1071 animarum.

967 1125 1046 1167 Ave,
1070 1133 1128 1165 per
1151 1134 1242 1164 quam
1259 1122 1492 1156 confunduntur

967 1173 1012 1204 Et
1034 1175 1207 1204 retrorsum
1234 1173 1457 1203 convertuntur

967 1220 1092 1260 Omnes,
1117 1219 1170 1258 qui
1195 1218 1268 1250 Sion
1294 1218 1438 1258 oderunt,

969 1266 1056 1298 Siout
1081 1265 1205 1298 foenum
1230 1268 1389 1297 aruerunt.

966 1352 1046 1390 Ave,
1074 1352 1173 1383 clamo
1200 1351 1239 1382 de
1262 1348 1429 1389 profundis

967 1398 1020 1431 Ad
1044 1400 1076 1429 te
1097 1398 1298 1430 lacrimarum
1320 1397 1424 1437 undis,

966 1445 1094 1478 Exaudi
1119 1454 1247 1485 precum
1274 1444 1412 1475 carmina

967 1493 1005 1525 ln
1032 1493 1135 1525 cordis
1161 1493 1281 1531 scripta
1304 1491 1432 1524 lamina.

967 1579 1047 1618 Ave,
1074 1578 1160 1609 cuius
1185 1577 1357 1608 exaltatum

967 1625 1038 1657 Non
1065 1628 1112 1656 est
1138 1633 1192 1656 cor
1215 1632 1316 1663 neque
1342 1624 1465 1657 elatum,

967 1673 1036 1704 Tua
1060 1672 1234 1704 humiliatio

969 1719 1018 1752 Sit
1038 1722 1147 1751 nostra
1171 1718 1331 1750 exaltatio.

969 1805 1048 1847 Ave,
1074 1805 1135 1836 mei
1157 1812 1241 1836 nunc
1266 1805 1430 1844 memento,

969 1852 1041 1884 Non
1065 1852 1098 1883 in
1120 1860 1195 1883 auro
1221 1854 1252 1883 et
1275 1853 1415 1893 argento,

969 1899 1033 1931 Sed
1057 1899 1089 1931 in
1115 1899 1220 1931 cordis
1246 1901 1432 1931 testamento

967 1947 1012 1979 Et
1034 1947 1068 1978 in
1091 1955 1222 1987 precum
1246 1946 1454 1980 condimento.

969 2033 1048 2073 Ave,
1075 2042 1092 2064 o
1118 2041 1210 2072 quam
1233 2033 1359 2073 bonum,
1386 2033 1465 2075 vale,

971 2080 1069 2119 Quam
1094 2080 1265 2111 iucundum
1289 2078 1351 2111 fuit
1372 2079 1445 2122 tale,

969 2128 1057 2168 Quod
1084 2130 1116 2159 te
1140 2136 1262 2159 sursum
1288 2125 1366 2159 facit
1391 2130 1486 2169 stare,

968 2175 1037 2207 Fac
1061 2184 1110 2207 me
1134 2178 1238 2206 tecum
1261 2174 1416 2209 habitare,

967 2261 1045 2303 Ave,
1075 2261 1169 2293 datur
1192 2260 1282 2293 vobis
1307 2260 1416 2302 gratis,

968 2308 1027 2348 Qui
1050 2308 1082 2340 in
1107 2309 1198 2340 domo
1223 2308 1284 2340 Dei
1309 2307 1409 2349 statis,

969 2356 1072 2387 Nocte
1096 2359 1216 2388 mentes
1243 2355 1431 2388 extollentes

969 2403 1071 2435 Deum
1095 2406 1200 2435 mente
1225 2405 1299 2435 sunt
1316 2403 1494 2437 laudantes.
