1650 2612
338 225 393 257 29.

339 440 394 473 30.

340 666 395 699 31.

341 895 395 926 32.

342 1119 397 1152 83.

345 1345 402 1377 34.

345 1572 400 1604 35.

346 1800 402 1833 36.

348 2027 403 2061 37.

349 2256 405 2289 38.

674 130 929 165 *115—

420 225 500 263 Ave,
527 225 579 264 qui
605 234 661 257 nos
688 225 802 268 diligis,
830 234 912 266 pane
936 227 1134 258 lacrimarum

418 272 538 311 Pascis,
565 271 598 303 in
623 273 905 305 contradictionem
929 273 1075 305 vitiorum

419 318 470 349 Ne
495 320 551 350 des
576 328 644 359 nos,
669 319 727 351 sed
751 322 806 352 tua
829 321 949 360 pietate
971 320 1074 352 libera

419 365 464 397 Et
488 366 619 398 ostende
643 365 766 405 faciem,
794 376 873 407 quae
897 370 945 398 est
969 368 1055 399 salus
1080 376 1165 401 vera.

420 441 500 483 Ave,
528 449 618 480 quem
644 442 780 482 populus
805 441 906 474 Israel
928 442 1098 482 invocavit,

420 488 480 527 Qui
503 488 668 520 invocatus
693 497 764 521 eum
788 497 884 528 saepe
908 489 1067 527 liberavit,

421 535 470 567 Tu
495 544 534 567 ne
560 536 699 568 dimittas
725 545 781 567 nos
805 537 894 568 iuxta
918 539 1043 568 nostros
1068 535 1206 577 affectus,

421 581 484 614 Sed
511 581 606 614 refice
630 592 687 615 nos
713 583 809 622 adipe
831 582 878 614 tui
902 583 1044 621 spiritus.

422 667 501 706 Ave,
528 666 676 699 virtutem
702 666 788 699 cuius
813 666 1003 709 nescierunt,

420 714 481 745 His
504 714 537 746 in
562 714 701 745 tenebris
727 714 781 753 qui
804 714 1053 754 ambulaverunt,

422 760 488 792 Nos
515 761 590 792 deos
616 760 667 792 fac
690 760 945 801 participatione,

420 807 465 840 Ut
488 808 642 840 laetemur
666 809 700 839 iu
723 807 965 841 resurrectione.

422 893 504 935 Ave,
532 892 618 924 cuius
644 893 856 924 sanctuarium
880 892 1045 931 possidere

422 941 599 973 Voluerunt
623 942 744 980 gentes,
772 940 829 971 sed
855 941 886 971 et
910 939 1124 978 malignavere

423 986 526 1026 Super
548 987 701 1026 populum
724 988 812 1017 tuum
838 986 1003 1018 eonsilium
1026 994 1151 1021 vanum,

423 1033 619 1073 Disperdere
645 1042 714 1064 eum
741 1033 881 1064 volentes
906 1033 953 1063 uti
978 1031 1116 1064 foenum.

425 1120 504 1159 Ave,
531 1117 609 1157 legis
636 1117 836 1156 evangelicae
860 1117 953 1156 lator,

425 1165 472 1196 Tu
497 1168 606 1196 noster
630 1164 672 1195 sis
698 1172 823 1204 semper
847 1171 939 1195 verus
966 1163 1137 1204 protector,

425 1212 471 1245 Ut
494 1212 526 1243 in
554 1211 741 1243 caelestibus
765 1209 980 1242 mansionibus

423 1258 640 1291 Inhabitemus
665 1258 783 1290 sanctis
809 1266 878 1290 cum
905 1256 1060 1288 omnibus.

426 1344 509 1385 Ave,
534 1345 609 1375 ante
633 1351 725 1383 quem
750 1342 871 1373 iustitia
895 1340 1080 1379 ambulabit,

424 1392 509 1422 Ante
533 1399 623 1431 quem
649 1389 805 1421 iniustitia
829 1398 892 1421 non
917 1386 1092 1428 apparebit,

425 1439 570 1477 Nostros,
596 1437 738 1475 obsecro,
765 1439 809 1476 tu,
835 1436 918 1476 Iesu,
948 1435 1051 1475 dirige
1075 1443 1213 1474 gressus.

425 1486 472 1519 Ut
497 1486 537 1518 ad
561 1487 686 1524 patrem
709 1483 802 1515 nobis
827 1483 931 1515 facilis
956 1483 999 1514 sit
1021 1490 1177 1515 accessus,

426 1571 507 1610 Ave,
532 1569 615 1612 1esu,
641 1570 765 1609 patiens
791 1571 885 1608 atque
908 1568 1087 1609 miserator,

427 1618 475 1649 Tu
497 1626 548 1649 me
574 1616 677 1648 deduc
696 1616 728 1647 in
755 1616 806 1647 via
829 1618 894 1655 tua,
921 1624 1014 1655 quam
1037 1614 1182 1656 meditor,

428 1665 564 1704 Respice
588 1663 621 1694 in
646 1672 704 1706 me,
731 1662 876 1703 Domine,
903 1664 935 1693 et
958 1662 1119 1701 miserere,

430 1713 496 1751 Quo
521 1715 593 1752 post
620 1711 764 1742 exsilium
789 1718 913 1741 merear
937 1711 969 1740 te
994 1708 1114 1742 videre.

429 1798 510 1837 Ave,
534 1796 618 1838 Iesu,
646 1796 686 1827 de
711 1803 770 1834 quo
797 1797 871 1826 sunt
894 1794 1032 1833 gloriosa
1058 1792 1154 1833 dicta,

434 1845 523 1877 Dona
546 1843 762 1883 multiplicans
786 1844 897 1873 nostra
923 1841 994 1872 dele
1019 1839 1146 1880 delicta,

429 1893 473 1926 Ut
498 1894 601 1923 tecum
627 1891 754 1923 tandem
780 1891 889 1921 nostra
914 1888 956 1919 sit
981 1887 1148 1927 habitatio,

427 1941 466 1973 In
492 1949 553 1980 quo
580 1938 725 1970 consistit
747 1939 926 1968 sanctorum
952 1934 1109 1976 gloriatio.

431 2027 510 2069 Ave,
537 2024 621 2064 Iesu,
648 2023 689 2055 ad
714 2030 806 2062 quem
831 2030 940 2054 manus
966 2029 1051 2053 meas
1077 2020 1226 2060 expandi,

429 2075 479 2107 Ne
505 2081 555 2104 me
579 2071 728 2111 repellas,
753 2069 810 2101 sed
836 2068 1009 2101 orationem
1033 2068 1118 2112 audi,

432 2121 527 2154 Cuius
553 2119 621 2150 sine
646 2117 805 2150 adiutorio
830 2125 899 2148 sum
924 2116 1079 2154 turbatus,

432 2169 508 2201 Cum
532 2164 797 2200 descendentibus
822 2164 855 2195 in
879 2163 980 2195 lacum
1007 2163 1201 2196 aestimatus.

431 2255 510 2297 Ave,
540 2251 627 2284 euius
651 2252 723 2282 sunt
746 2250 825 2281 caeli
851 2252 882 2281 et
908 2252 1004 2289 terra,

431 2302 502 2334 Tua
524 2309 584 2332 nos
608 2307 735 2338 semper
760 2300 851 2338 regat
874 2296 1016 2337 dextera,

432 2349 482 2381 Tu
507 2358 548 2381 ne
573 2349 718 2379 conteras
743 2354 799 2377 nos
825 2344 1020 2383 verberibus,

433 2397 496 2431 Sed
523 2395 690 2428 miseratus
715 2401 813 2434 parce
838 2392 991 2425 omnibus.

1256 2444 1297 2473 8*
