1650 2612
683 125 937 161 -135—

186 214 214 243 7.
236 217 260 245 O
284 217 397 253 dilecte,
417 218 505 246 iudex
525 224 611 256 recte,

235 255 341 284 Sordes
361 259 452 290 necte,
474 258 563 285 corda
580 258 672 293 flecte,

272 294 339 321 Poli
359 296 454 322 rector
476 297 592 330 optime,

233 330 275 357 Et
293 332 409 359 reflecte
427 332 482 359 vili
503 336 599 361 sectae

235 368 317 401 Quae
337 378 391 397 nos
412 369 523 396 ducunt
540 372 682 400 indirecte

271 406 427 435 Liberator
447 409 581 436 maxime.

187 450 214 479 8.
236 450 259 480 O
280 453 376 488 beata,
397 454 461 482 Deo
484 457 576 490 grata,

234 491 258 518 O
279 500 391 527 serena,
412 492 475 519 Deo
496 493 591 526 plena,

271 529 357 556 Votis
378 531 450 556 meis
472 538 575 564 annue,

235 566 280 594 Ne
299 576 346 594 me
365 570 496 603 tangant,
517 577 555 595 ne
574 578 620 596 me
638 570 776 606 frangant

235 604 340 632 Hostis
360 606 436 632 ictus
458 608 487 632 et
506 606 665 641 conflictus,

272 643 323 669 Me
342 643 378 670 de
397 643 482 670 malis
503 652 579 671 erue.

868 219 894 248 9.

849 455 891 484 10.

915 222 939 249 O
960 223 1057 257 electe,
1078 230 1129 249 rex
1148 223 1283 258 perfecte,

912 261 1069 296 Aequitate
1087 268 1141 287 nos
1162 259 1320 295 complecte

950 298 991 325 Et
1010 300 1153 325 correctos
1175 297 1262 333 effice,

913 336 955 363 Ut
974 343 1111 363 amoenae
1132 335 1294 365 cantilenae

913 373 1014 400 Nostri
1034 373 1128 401 cordis
1148 373 1242 400 fructu
1261 372 1347 408 plene

951 410 1017 438 Sint
1034 413 1067 438 in
1086 413 1136 437 tuo
1156 411 1281 438 nomine.

913 457 937 484 Ο
960 466 1026 493 spes
1046 460 1096 490 rei,
1119 457 1259 493 templum
1281 458 1345 491 Dei,

915 494 1008 522 Stella
1026 496 1115 522 maris
1138 495 1304 530 singularis,

950 532 1022 560 Esto
1045 535 1142 560 custos
1163 534 1286 568 animae,

913 570 956 597 Ut
977 571 1132 597 vincantur
1153 572 1182 597 et
1200 570 1353 606 pellantur,

913 607 1097 635 Erubescant
1116 610 1145 634 et
1163 609 1321 641 tabescant,

951 646 1059 672 Hostes
1080 654 1159 672 meos
1181 647 1345 681 comprime.

477 737 604 764 Oratio
625 738 867 773 praeambula
886 738 928 765 ad
948 738 1143 766 secundam

656 785 963 821 Quinquagenam.

189 846 215 875 1.
237 846 260 876 Ο
282 853 387 883 amate,
406 849 560 878 vulnerate

234 887 294 914 Dei
313 890 392 921 nate,
414 887 494 915 caelo
517 888 584 916 date

274 925 409 961 Spiritali
427 933 554 960 munere,

236 963 391 991 Destinate
411 964 571 997 maiestate,

237 1000 367 1028 Caelitus
387 1001 599 1037 praeordinate,

273 1038 415 1065 Mundum
434 1040 503 1065 veni
523 1039 645 1066 solvere.

187 1093 214 1121 2.
235 1096 259 1123 Ο
279 1096 333 1123 flos
354 1096 465 1128 florum,
487 1096 552 1123 fons
572 1095 730 1129 hortorum,
867 1093 892 1120 7.

236 1134 260 1161 O
280 1133 441 1168 praeclara,
462 1133 525 1160 Deo
547 1141 623 1166 cara,

274 1171 372 1198 Meum
391 1170 431 1198 sis
453 1170 604 1204 solacium,

235 1208 408 1240 Obcaecato,
429 1207 582 1235 vulnerato

235 1245 282 1273 Sis
304 1246 434 1277 candela,
455 1246 497 1272 sis
518 1246 631 1273 medela

272 1284 367 1311 Tuum
387 1284 459 1310 dans
480 1284 632 1310 auxilium.

187 1338 215 1368 3.
236 1340 260 1368 Ο
281 1341 358 1375 Iesu,
377 1339 492 1368 Mariae
510 1339 563 1373 fili,
866 1336 893 1366 8.

234 1378 418 1405 Emundator
438 1377 522 1404 sorde
540 1378 606 1411 vili,

272 1416 377 1443 Cuncti
396 1415 501 1443 cedant
520 1416 636 1449 aemuli,

233 1454 323 1481 Tecto
344 1461 432 1481 carne
451 1455 480 1480 te
501 1454 602 1480 servili

233 1492 325 1518 Manu
344 1490 446 1518 subdis
467 1493 496 1517 te
515 1491 627 1525 hostili,

273 1529 298 1557 Ο
319 1529 449 1556 salvator
468 1529 578 1564 populi.

186 1583 214 1613 4.
234 1586 258 1613 Ο
281 1586 389 1620 suavis,
409 1584 485 1611 nulli
504 1587 612 1620 gravis,
866 1583 892 1612 9.

236 1624 292 1651 Dei
313 1623 395 1656 cella,
418 1624 514 1650 nitens
535 1623 629 1656 stella,

275 1660 378 1689 Carnis
400 1660 481 1688 aufer
499 1661 612 1695 vitium,

236 1699 275 1727 Os
296 1699 454 1734 precantis,
475 1707 524 1725 cor
544 1701 692 1734 peccantis

233 1737 300 1764 Tua
319 1745 404 1772 prece
424 1736 532 1763 munda
550 1736 631 1764 faece

273 1775 456 1802 Delictorum
477 1775 613 1801 omnium.

187 1830 213 1859 5.
236 1832 260 1860 Ο
280 1832 357 1865 Iesu,
378 1832 429 1867 qui
451 1832 589 1867 cupivisti

232 1870 358 1898 Mortem
380 1870 463 1903 ferre,
486 1878 574 1905 quam
595 1870 702 1897 subisti

271 1908 329 1935 Pro
350 1908 456 1935 delicto
477 1907 598 1941 saeculi,

233 1946 360 1974 Mortem
380 1947 511 1972 nostram
531 1946 574 1972 sic
593 1946 699 1978 vicisti,

233 1984 462 2012 Procumbentes
483 1984 602 2010 erexisti

272 2023 380 2050 Forma
399 2023 494 2049 tectus
515 2021 632 2048 servuli.

867 849 892 878 6.

852 1829 896 1858 10.

914 850 938 878 Ο
959 851 1064 879 decora
1082 851 1148 886 plus
1168 859 1281 885 aurora,

913 889 1005 924 Virgo
1025 897 1131 925 parens
1150 888 1219 916 labe
1239 897 1349 922 carens,

951 927 1001 953 Me
1021 928 1175 954 clementer
1194 927 1314 962 corrige,

914 964 959 991 Ne
978 965 1091 999 peccati
1111 965 1249 999 potestati

914 1001 976 1028 Sim
996 1002 1141 1034 subactus,
1162 1010 1241 1029 meos
1262 1005 1343 1030 actus

952 1039 1147 1067 Gubernando
1171 1039 1273 1075 dirige.

915 1094 939 1122 O
959 1095 1057 1130 pudici
1080 1094 1174 1122 cordis
1196 1095 1304 1129 doctor,

914 1132 938 1159 Ο
960 1134 1046 1160 amici
1065 1133 1162 1169 gregis
1183 1135 1282 1168 pastor

951 1170 1061 1197 Tentus
1082 1170 1168 1197 corde
1188 1170 1323 1205 simplici,

912 1208 972 1234 Fac
990 1208 1070 1235 felici
1088 1208 1145 1234 frui
1166 1207 1229 1242 fine,

915 1245 1035 1280 Superis
1056 1245 1134 1272 adici
1153 1245 1232 1279 iube,

951 1283 1040 1310 Nullo
1060 1285 1138 1310 metu
1158 1281 1243 1309 affici.

915 1339 939 1366 O
958 1340 1010 1367 lux
1029 1340 1109 1372 solis,
1130 1340 1227 1375 proles
1246 1340 1349 1375 proliS.

913 1376 937 1403 O
958 1377 1085 1410 lucerna,
1107 1385 1182 1413 quae
1202 1386 1328 1413 superna

953 1415 1095 1443 Coruseas
1115 1416 1147 1441 in
1167 1416 1272 1450 patria,

912 1453 954 1480 Te
973 1461 1133 1489 precamur,
1153 1455 1188 1479 ut
1206 1452 1345 1480 ducamur

912 1491 984 1518 Post
1002 1491 1079 1518 hanc
1099 1490 1194 1517 lucem
1214 1499 1265 1526 per
1284 1495 1314 1518 te
1333 1491 1435 1518 ducem

951 1528 996 1555 Ad
1017 1530 1183 1556 sanctorum
1201 1529 1319 1563 gaudia.

914 1584 938 1612 O
958 1585 1097 1617 salvator,
1117 1593 1171 1611 nos
1194 1585 1316 1619 salvato,

913 1623 1015 1650 Victor
1033 1624 1144 1656 mortis,
1165 1623 1256 1649 vitam
1277 1623 1344 1651 dato

951 1661 1062 1688 Divino
1084 1660 1216 1693 consilio,

914 1698 959 1725 Tu
978 1698 1164 1733 languentem
1184 1699 1313 1732 visitato,

916 1736 994 1763 Reos
1013 1736 1116 1763 mortis
1136 1736 1262 1763 liberato

956 1773 1109 1801 Horrendo
1130 1773 1244 1800 exsilio.

918 1829 942 1857 O
962 1838 1015 1857 vas
1035 1829 1130 1857 mellis
1152 1838 1254 1865 expers
1270 1830 1356 1864 fellis,

919 1867 1107 1895 Cinnamomo
1129 1869 1158 1894 et
1179 1875 1292 1895 amomo

954 1906 1069 1934 Nomen
1087 1905 1199 1933 habens
1222 1906 1344 1942 dulcius,

917 1944 991 1971 Post
1009 1946 1125 1971 tuorum
1144 1946 1359 1979 unguentorum

919 1982 974 2009 Vel
994 1982 1126 2010 ordorem
1146 1982 1194 2009 vel
1213 1982 1370 2014 dulcorem,

956 2020 1024 2056 Fac,
1045 2023 1078 2047 ut
1097 2028 1209 2047 currem
1229 2021 1323 2048 citius.

504 2097 637 2125 Oratio
657 2096 896 2133 praeambula
916 2097 958 2124 ad
978 2098 1127 2124 tertiam

654 2146 975 2181 Quinquagenam.

190 2202 215 2231 1.
236 2205 261 2232 O
280 2204 334 2231 flos
356 2205 432 2236 Iesu,
452 2211 500 2230 me
518 2204 551 2230 in
570 2203 647 2230 bono

235 2242 333 2270 Frena
352 2242 470 2270 deitatis
492 2241 568 2268 dono

277 2280 418 2309 Caritatis
440 2279 569 2312 vinculo,

240 2319 298 2352 Qui
319 2321 347 2346 te
366 2320 526 2347 creatorem
547 2317 621 2351 colo,

235 2357 296 2384 Fac
315 2359 459 2384 remotum
480 2356 560 2383 omni
581 2355 648 2383 dolo

274 2395 325 2422 Me
345 2398 375 2422 et
394 2395 474 2423 omni
494 2395 578 2422 vitio.

872 2199 899 2228 2.
920 2202 944 2230 O
965 2202 1100 2230 caelestis
1121 2203 1280 2237 margarita

919 2240 957 2267 In
977 2240 1095 2268 sublimi
1117 2240 1221 2267 throno
1245 2241 1303 2267 sita

959 2279 1075 2306 Nostris
1095 2278 1175 2314 fulge
1196 2278 1341 2312 cordibus,

921 2316 964 2344 Ut
982 2316 1096 2352 fulgore
1115 2320 1166 2343 tuo
1187 2318 1274 2344 tracti

922 2355 1018 2382 Iuncti
1038 2356 1129 2383 simus
1150 2357 1180 2382 et
1199 2356 1342 2390 compacti

958 2393 1095 2420 Paradisi
1115 2393 1238 2420 civibus.
