1650 2612
671 135 926 171 *185—

150 221 195 257 11,
216 220 234 251 3
254 223 350 260 Largo
371 228 445 253 nutu
465 229 494 253 et
513 227 546 255 A.
567 243 604 247 —
625 228 681 257 Str.
705 227 739 257 12
758 230 819 257 und
839 227 872 257 13
893 230 992 257 lauten
1011 230 1042 256 in
1062 227 1148 256 SUV:

158 278 201 306 12-
223 280 294 315 Ave,
315 281 402 309 stella
421 282 501 310 clara
520 286 635 319 mundo,
840 283 883 313 13.
904 287 973 318 Ave,
995 293 1046 321 per
1065 291 1151 319 quam
1170 291 1189 310 a
1209 282 1320 317 peccati

223 318 269 346 Ne
288 327 451 356 mergamur
470 322 502 348 in
522 323 673 357 profimdo,
901 325 1015 351 Montes
1035 322 1110 349 mole
1129 320 1248 348 liberati

221 355 333 390 Deduc,
353 358 445 393 virgo,
466 368 519 387 nos
540 360 577 387 ad
596 364 712 396 portum
900 360 989 389 Velut
1008 361 1075 395 agni
1095 359 1244 391 salierunt,

223 393 332 422 Contra
351 397 414 422 veri
430 396 502 424 solis
524 400 627 426 ortum.
901 398 1005 426 Petrae
1024 397 1117 424 fontes
1137 396 1315 424 roraverunt.

150 448 192 484 13,
214 448 231 477 2
254 451 373 487 Semper
392 453 478 480 eorde
501 462 564 482 esse
585 454 619 488 03
641 454 760 490 Semper
779 463 843 483 esse
865 455 950 482 eorde
969 455 1000 481 Z.
1021 468 1055 473 —
1078 451 1122 486 13,
1138 451 1158 480 4
1177 452 1267 481 Credo
1281 451 1337 478 Dei
1357 458 1441 485 gene-

145 489 248 516 tricem
261 489 341 517 BGZ.
362 503 399 508 —
422 488 465 524 14,
481 489 499 517 2
517 491 559 518 Et
570 493 740 521 recumbens
755 502 820 520 eum
831 493 896 522 UV.
917 507 955 512 -
976 490 1019 526 15,
1033 489 1052 517 2
1064 498 1123 518 uva
1138 493 1225 526 atque
1237 489 1314 517 calix
1327 487 1390 516 UV.
1406 504 1442 508 —-

148 522 191 560 16,
216 524 230 553 1
252 527 336 563 virga
351 529 451 564 stirpis
471 529 550 557 Iesse
564 529 628 558 UV.
650 546 684 551 —
708 529 752 564 16,
766 528 783 557 2
805 531 853 558 Da
870 531 955 558 nobis
971 530 1001 557 Β.
1023 544 1058 550 —
1079 528 1134 556 Str.
1152 527 1186 555 17
1200 527 1293 554 lautet
1305 527 1336 552 in
1350 525 1441 553 SUV:

597 587 667 621 Ave,
687 585 779 623 virgo,
805 590 833 614 et
853 586 977 614 concede

598 623 716 652 Summa
736 625 812 652 caeli
830 632 883 652 nos
904 626 935 651 in
955 624 1026 651 aede

596 662 672 695 Iesu,
696 670 766 689 saxo
789 662 931 697 angulari,

597 698 732 727 Caritate„
744 700 883 735 copulari.

146 750 189 787 18,
204 750 223 779 4
237 752 419 789 Sapientiam
439 753 601 783 doctrinam
618 756 650 783 A.
727 758 772 784 An
789 756 879 784 Stelle
899 765 956 784 von
974 755 1029 784 Str,
1055 754 1088 783 18
1102 757 1177 783 setzt
1190 755 1213 782 B
1228 754 1275 781 die
1288 752 1442 789 folgenden

144 790 213 817 aeht
233 790 393 827 Strophen:

176 846 199 873 1.
220 846 291 881 Ave,
314 850 407 884 virgo,
428 849 527 876 lumen
549 851 643 882 rectis,

218 885 262 912 Tu
284 886 410 914 concede
432 895 497 914 eum
518 887 618 916 electis

219 922 255 949 In
275 923 371 951 futuro
393 933 438 952 me
459 924 563 952 laetari

853 848 879 878 5.
901 853 968 884 Ave,
990 852 1072 885 virgo
1095 850 1253 881 benedicta,

899 889 975 916 Vero
999 888 1060 915 sole
1079 891 1111 914 tu
1132 888 1247 919 amiota,

898 927 955 954 Per
974 929 1003 953 te
1023 933 1122 953 sumus
1143 933 1161 951 a
1180 923 1291 960 peccati

221 961 263 988 Te
285 963 314 987 et
335 965 436 989 natum
459 963 657 998 contemplari.

174 1016 201 1045 2.
221 1018 292 1050 Ave,
314 1019 406 1055 virgo,
428 1026 532 1046 nomen
553 1021 692 1053 sanetum,

220 1056 277 1083 Pro
299 1057 425 1089 peccatis
446 1055 523 1083 dona
546 1056 701 1091 planctum,

222 1093 278 1121 Cor
297 1093 417 1121 laudare
437 1096 465 1120 te
485 1097 619 1129 paratum

219 1130 266 1158 Sit
284 1139 303 1157 a
322 1131 428 1158 mundo
450 1133 625 1167 separat-um.

170 1186 196 1215 3.
217 1187 288 1221 Ave,
309 1189 403 1224 virgo,
424 1188 513 1223 digna
530 1189 640 1222 quaeri,

216 1225 312 1253 Mater
332 1233 402 1253 vera
422 1223 478 1252 Dei
497 1226 568 1259 veri,

218 1263 309 1291 Cuius
329 1271 436 1291 nomen
456 1263 635 1296 invocamus,

216 1300 402 1334 Confitemur,
428 1300 591 1328 adoramus.

168 1357 194 1386 4.
215 1358 286 1392 Ave,
307 1359 399 1395 virgo,
420 1359 500 1385 vitae
520 1366 629 1392 norma,

215 1395 305 1424 Cuius
326 1404 419 1423 mores
441 1398 529 1429 atque
548 1395 642 1423 forma

213 1434 332 1462 Pollent
351 1433 442 1461 multa
462 1436 616 1461 venustate

213 1472 254 1499 Et
274 1473 412 1499 virtutum
433 1472 594 1499 maiestate.

897 964 1006 991 Taetra
1028 960 1105 990 mole
1127 962 1252 990 liberati.

875 1040 880 1046 .
901 1021 972 1053 Ave,
994 1019 1080 1047 stella
1099 1018 1278 1055 principalis,

898 1057 1011 1090 Confer,
1030 1058 1113 1093 virgo
1134 1055 1272 1088 liberalis,

897 1095 972 1122 Mihi
993 1095 1081 1122 moris
1102 1095 1272 1121 ornamenta

895 1133 943 1160 Da
961 1134 1101 1160 virtutum
1122 1132 1309 1158 incrementa

868 1209 875 1215 .
895 1190 966 1220 Ave,
986 1192 1078 1223 virgo,
1100 1190 1192 1215 mater
1214 1188 1279 1221 Dei,

894 1228 1007 1255 Memor
1028 1228 1088 1254 esto
1110 1234 1223 1261 semper
1242 1226 1308 1257 mei,

895 1265 937 1292 Ut
954 1264 1085 1300 loquaris
1105 1272 1156 1299 pro
1177 1272 1223 1290 me
1243 1263 1320 1291 bona

895 1303 1016 1330 Donans
1036 1303 1196 1338 gratiarum
1217 1301 1302 1328 dona.

866 1379 873 1386 .
893 1359 964 1392 Ave,
985 1360 1078 1394 virgo,
1100 1360 1128 1386 et
1148 1358 1269 1394 dignare

893 1397 941 1424 Me
962 1396 1114 1432 dignanter
1133 1396 1281 1423 illustrare

893 1435 940 1462 De
959 1434 1113 1470 splendore
1133 1437 1176 1461 tui
1196 1434 1302 1467 vultus,

892 1473 974 1500 Tuae
994 1472 1110 1505 formae,
1132 1472 1176 1498 tui
1197 1471 1300 1499 cultus.

138 1529 265 1556 Hierauf
281 1528 356 1564 folgt
373 1528 405 1556 in
419 1528 442 1555 B
457 1527 512 1554 Str.
537 1525 579 1555 18.
610 1528 709 1556 Danu:
732 1530 801 1561 Ave,
824 1530 906 1565 virgo
928 1529 1065 1565 splendor
1083 1531 1160 1556 veris
1175 1531 1228 1556 ete.
1240 1540 1277 1550 =
1289 1527 1345 1555 Str.
1359 1529 1383 1556 Ι.
1397 1527 1434 1555 41

137 1567 171 1593 in
190 1568 229 1602 A3
250 1566 321 1598 Ave,
341 1567 434 1601 virgo,
453 1568 539 1601 porta
558 1566 632 1593 caeli
655 1569 757 1594 ete.=
769 1568 826 1594 Str.
847 1568 861 1595 Ι
880 1565 917 1594 48
937 1568 970 1594 in
989 1568 1031 1603 A,
1051 1566 1142 1594 daun:

590 1613 660 1647 Ave,
681 1616 764 1650 virgo
785 1617 870 1651 grata
888 1614 960 1648 Deo,

591 1651 629 1678 In
648 1654 797 1680 aeternum
819 1659 918 1680 eoram
938 1660 972 1680 eo

592 1689 685 1724 Super
705 1691 804 1718 omnia
824 1692 922 1718 creata

592 1727 626 1754 In
646 1729 775 1764 reg-inam
796 1727 980 1762 confirmata;

137 1785 247 1818 Gaude,
268 1785 361 1820 virgo,
380 1783 438 1811 dux
452 1784 559 1811 erranti
575 1786 627 1811 eto.
643 1784 692 1811 cfr.
706 1784 753 1811 III
765 1781 815 1819 403
833 1785 904 1818 Ave,
919 1784 1005 1812 tellus
1019 1792 1077 1812 non
1092 1786 1175 1812 arata
1188 1787 1240 1812 ete.
1251 1795 1289 1806 =
1299 1783 1356 1811 Str.
1370 1784 1409 1811 II.
1423 1782 1440 1811 5

137 1824 170 1850 in
191 1824 230 1858 A3
252 1823 344 1850 darm:

214 1870 286 1905 Ave,
307 1871 399 1906 virgo,
421 1872 456 1903 et,
479 1877 554 1905 quae
574 1872 649 1905 peto,

212 1908 290 1937 Mihi
311 1908 409 1935 confer
428 1907 513 1934 vultu
533 1907 620 1940 laeto,

212 1946 315 1975 Fidem
336 1948 453 1979 rectam,
475 1945 583 1973 bonum
605 1945 699 1979 finem,

213 1985 257 2014 Ut
277 1984 313 2012 ad
332 1984 412 2012 mala
430 1992 491 2012 non
509 1982 661 2011 deelinem.

896 1869 968 1903 Ave,
988 1871 1080 1907 virgO,
1101 1872 1186 1905 porta
1204 1870 1287 1903 lueis,

897 1906 1011 1944 Sponsa
1029 1916 1109 1935 nova
1127 1909 1199 1935 novi
1219 1907 1309 1942 ducis,

896 1943 953 1980 Qui
973 1949 1142 1973 cunctorum
1164 1945 1336 1981 dominatur,

895 1983 974 2012 Mira
992 1985 1073 2012 solus
1094 1987 1239 2020 operatur.

138 2042 210 2076 Ave,
232 2044 325 2080 virgo,
346 2050 399 2070 vas
421 2043 554 2069 ornatum
576 2041 709 2074 et0.=1‚
731 2038 768 2068 34
787 2043 818 2068 in
837 2041 878 2077 A3
900 2040 992 2069 daun:

212 2091 283 2125 Ave,
305 2091 397 2126 virgo,
419 2089 471 2116 lux
490 2088 618 2124 pudoris,

212 2129 305 2165 Virga
325 2128 441 2162 florens,
462 2126 516 2154 flos
537 2127 654 2159 amoris,

212 2167 255 2196 Te
275 2175 326 2195 rex
346 2175 446 2203 regum
467 2167 502 2191 ut
522 2166 644 2200 aspexit,

212 2205 279 2241 Ipse
300 2204 400 2233 florem
421 2204 474 2231 flos
497 2203 608 2231 dilexit.

212 2254 284 2288 Ave,
305 2261 374 2280 rosa
394 2253 536 2288 speciosa,

211 2291 333 2320 Gemma
354 2290 510 2328 splendens
530 2289 667 2325 pretiosa,

212 2329 307 2357 Deum
329 2329 404 2357 caeli
424 2332 457 2356 tu
475 2328 602 2360 lactasti,

212 2368 343 2404 Lapsum
363 2367 501 2395 mundum
522 2365 673 2402 reparasti.

213 2416 284 2449 Ave,
305 2420 390 2451 virgo
411 2415 474 2443 Deo
494 2415 603 2447 iuncta,

212 2454 350 2490 Regnans
373 2462 461 2490 super
483 2460 572 2489 regna
593 2454 704 2486 cuneta,

894 2089 974 2117 Tuus
995 2090 1088 2117 honor
1112 2097 1172 2117 non
1193 2089 1340 2123 decrescit,

893 2126 934 2154 Et
953 2130 1081 2164 potestas
1103 2127 1189 2155 finem
1206 2129 1307 2155 nescit.

895 2175 964 2210 Ave,
986 2180 1068 2212 virgo
1088 2176 1282 2210 sanctissima,

893 2214 938 2240 Tu
958 2216 1058 2241 nostra
1077 2221 1135 2249 pax
1154 2214 1312 2248 tutissima,

895 2250 985 2279 Servo
1006 2254 1056 2279 tuo
1077 2251 1184 2287 praebe
1204 2254 1317 2279 scutum

894 2289 1015 2317 Donans
1036 2291 1152 2326 copiam
1170 2292 1320 2318 virtutum.

894 2337 966 2372 Ave,
986 2338 1050 2365 vita
1068 2339 1256 2371 mortuorum,

893 2376 1072 2404 Advocatrix
1095 2379 1286 2412 peecatorum,

896 2413 952 2441 Pia
970 2418 1070 2449 mater,
1094 2415 1148 2442 hoc
1168 2414 1298 2452 dignare,

896 2453 1042 2489 Linguam
1061 2461 1155 2480 meam
1175 2454 1348 2481 refraenare.
