1650 2612
356 217 412 249 39.

356 433 411 465 40.

356 659 410 691 41.

355 886 410 917 42.

356 1111 410 1143 43.

354 1336 408 1368 44.

353 1563 409 1594 45.

354 1789 411 1822 46.

356 2017 412 2049 47.

357 2246 413 2279 48.

690 141 736 147 —
786 122 858 157 111*
903 142 945 147 -

437 217 517 257 Ave,
542 218 626 259 Iesu,
654 220 685 248 et
708 218 792 261 vide,
819 218 944 259 quantis
968 219 1058 251 maiis
1081 226 1218 257 premor,

438 264 499 295 Tui
523 262 640 296 furoris
666 267 799 304 quantus
823 275 874 297 me
897 268 1004 298 teneat
1026 269 1155 304 tremor,

437 311 592 350 Quantum
615 311 769 343 malorum
794 321 933 344 meorum
958 321 1007 344 me
1031 314 1155 352 premat
1179 311 1283 351 timor,

437 358 523 389 Tuus
550 367 625 399 erga
647 367 708 398 me,
735 368 862 400 quaeso,
888 369 950 391 non
977 360 1104 392 recedat
1127 367 1224 390 amor.

438 433 517 475 Ave,
544 433 627 474 Iesu,
654 433 707 473 qui
731 435 817 465 solus
844 437 1045 467 conservator

438 479 555 512 Noster
580 480 705 513 exsistis
731 483 764 512 et
786 480 973 522 vivificator,

436 526 553 559 Beatos
578 526 630 560 fae
654 527 686 558 in
711 530 808 569 terra,
834 537 926 568 quam
951 528 1107 569 sumpturi

438 573 551 606 Sumus
576 576 684 607 nostro
711 575 920 607 adhaerentes
946 574 1071 609 factori.

437 659 516 697 Ave,
540 659 623 703 Iesu,
650 659 705 698 qui
730 660 888 699 quondam
911 660 1059 692 lacrimas

440 705 542 746 Super
566 709 657 738 natos
681 706 793 746 Israel,
819 706 948 750 animas,

439 752 477 785 In
500 752 695 785 abundantia
720 752 869 792 effudisti,

439 799 535 832 Salva
558 809 625 841 nos,
652 799 705 839 qui
730 800 913 840 sanguinem
937 801 1068 834 sudasti.

437 885 516 927 Ave,
543 884 604 916 Dei
629 884 784 926 genetrix,
810 885 961 924 templum
987 884 1173 924 sanctitatis,

436 932 485 963 Tu
510 932 611 963 altare
636 940 764 962 aureum
789 940 928 963 summae
954 932 1091 971 deitatis,

438 978 501 1012 Ubi
525 979 618 1010 datur
642 979 734 1010 venia
757 978 848 1010 nobis
874 979 914 1010 de
938 979 1078 1018 peccatis

435 1025 480 1057 Et
501 1026 608 1057 lumen
635 1024 674 1056 de
698 1025 825 1065 lumine,
852 1025 938 1057 Deus
963 1025 1116 1058 veritatis,

437 1111 517 1153 Ave,
545 1110 633 1141 cuius
654 1117 765 1140 manus
790 1111 899 1148 gentes
925 1109 1127 1150 disperdidit,

434 1157 497 1189 Per
521 1166 614 1196 quam
638 1164 696 1187 nos
719 1155 932 1195 mundumque
956 1157 1137 1194 caelumque
1160 1156 1311 1198 condidit,

436 1205 499 1236 Per
523 1204 605 1235 hanc
627 1202 697 1241 ipse
719 1211 775 1234 nos
800 1202 852 1233 hic
877 1212 896 1234 a
921 1203 1013 1235 malis
1040 1200 1204 1242 defendat,

436 1250 496 1290 Qui
520 1251 587 1282 solo
612 1258 668 1282 suo
693 1249 809 1289 spiritu
834 1250 945 1281 sordes
967 1250 1109 1282 mundat.

435 1336 515 1376 Ave,
543 1335 629 1367 euius
654 1334 737 1366 inter
762 1335 904 1366 homines
930 1333 1029 1376 fulget
1055 1334 1170 1374 forma,

437 1383 532 1415 Cuius
556 1383 622 1415 vita
646 1381 788 1414 vivorum
815 1382 953 1413 omnium
979 1384 1028 1414 est
1050 1390 1171 1421 norma,

433 1430 612 1470 Accingere
638 1437 711 1460 ense
736 1431 800 1472 tuo,
824 1429 1053 1471 potentissime,

434 1477 479 1509 Et
504 1485 649 1518 expugna
673 1476 780 1508 hostes
804 1476 993 1508 immortalis
1018 1477 1152 1509 animae.

436 1562 516 1603 Ave,
540 1561 628 1593 cuius
653 1561 770 1592 auxilio
794 1569 920 1601 semper
944 1560 1020 1593 freti

436 1608 509 1640 Non
532 1608 677 1640 timemus
702 1610 805 1640 motus
830 1617 942 1648 graves
967 1609 1058 1641 huius
1084 1606 1169 1648 freti,

436 1655 520 1687 Nam
545 1655 572 1686 si
596 1654 748 1687 irruerint
771 1653 900 1687 fiumina
924 1657 975 1688 vel
1004 1656 1100 1698 venti,

436 1702 510 1734 Non
534 1701 724 1743 verebimur,
751 1702 825 1741 quia
848 1703 882 1734 in
907 1705 939 1734 te
963 1702 1098 1735 fundati.

435 1789 515 1830 Ave,
543 1788 626 1827 1esu,
653 1786 706 1826 qui
731 1787 865 1826 populos
890 1787 1001 1819 subdis
1027 1790 1059 1819 et
1082 1789 1200 1826 gentes,

438 1835 557 1867 Nostra
582 1835 624 1867 ad
649 1836 681 1865 te
707 1834 805 1865 corda
832 1836 980 1866 converte
1004 1837 1098 1874 atque
1122 1836 1253 1874 mentes,

439 1883 485 1915 Ut
507 1882 568 1914 tibi
592 1881 703 1914 laudes
727 1881 779 1912 hic
804 1881 942 1921 psallere
965 1882 1137 1921 sapienter,

438 1930 502 1963 Sed
526 1932 558 1961 et
581 1932 614 1961 te
638 1928 767 1960 tandem
792 1927 855 1960 frui
880 1929 1038 1969 possimus
1062 1928 1188 1968 iugiter.

439 2016 520 2056 Ave,
547 2024 639 2055 quem
663 2022 754 2055 reges
778 2016 852 2046 sunt
876 2014 1035 2055 admirati,

438 2064 593 2097 Videntes
619 2064 693 2095 sunt
716 2061 849 2093 multum
874 2062 1062 2103 conturbati,

438 2112 537 2151 Quem
562 2120 620 2143 nos
646 2118 755 2141 verum
778 2108 882 2141 Deum
907 2118 976 2141 esse
1000 2109 1145 2151 fatemur,

437 2159 516 2191 Eius
542 2165 673 2190 munere
698 2157 816 2189 salvari
841 2157 1006 2191 laetamur.

440 2245 521 2285 Ave,
549 2244 633 2285 Iesu,
660 2250 752 2282 quem
777 2242 831 2282 qui
855 2251 980 2284 semper
1003 2242 1138 2284 timebit,

438 2292 536 2324 Nulla
561 2290 711 2332 iniquitas
736 2298 894 2330 nunquam
920 2291 1055 2331 nocebit,

439 2340 571 2379 Quando
596 2340 781 2379 pereuntem
805 2338 936 2369 stultum
962 2339 1093 2381 videbit,

436 2387 658 2421 Tabernacula
683 2388 737 2418 tua
756 2384 926 2420 habitabit.
