1650 2612
243 195 298 228 31.

249 597 303 627 32.

252 998 305 1029 33.

748 93 1002 127 —242—

324 196 403 233 Ave,
427 193 489 224 Dei
510 191 627 232 haiala,

371 240 420 271 illi
444 242 517 271 sunt
539 238 633 276 beati,

323 287 381 327 Qui
406 289 478 317 sunt
500 284 600 317 sancti
623 284 744 323 pariter

372 336 404 363 et
425 331 627 367 immaculati,

324 382 402 413 Post
426 380 557 410 remissa
581 378 713 408 crimina

371 435 429 465 per
452 428 484 456 te
510 424 670 463 consolati,

323 474 413 506 Dono
440 476 513 504 tuae
536 471 656 512 gratiae

372 524 446 551 sunt
468 517 667 559 magnificati.

328 596 406 636 Ave,
433 602 505 632 spes
527 592 697 631 humilium,

373 649 446 671 vere
468 649 501 671 es
526 640 628 678 beata,

328 687 406 726 Quia
431 696 463 717 es
488 696 556 718 cum
580 685 645 717 filio

373 742 496 773 semper
519 735 681 774 honorata,

329 782 429 819 Super
455 781 533 811 caeli
556 779 662 811 sidera

377 836 459 858 nunc
481 825 663 866 clarificata,

329 874 427 907 Nobis
450 873 667 913 peecatoribus

379 921 478 952 dulcis
503 921 663 952 advocata.

330 996 409 1035 Ave,
435 1003 529 1034 super
553 995 679 1033 angelos

374 1042 476 1073 Deum
500 1041 688 1073 benedicens

332 1090 373 1121 Et
400 1089 517 1119 cunctis
542 1087 726 1119 mortalibus

376 1136 525 1167 mundum
548 1135 749 1177 interdicens,

332 1182 521 1221 obstinatos
549 1181 682 1220 domina,

377 1229 446 1259 iure
467 1227 673 1267 maledicens3

334 1277 414 1314 Heu,
441 1279 486 1306 est
511 1284 589 1315 pura
613 1275 739 1317 veritas,

376 1331 440 1353 non
463 1322 506 1353 sit
529 1322 757 1354 contradicens,

258 1399 312 1430 34.
338 1399 416 1435 Ave,
443 1397 559 1429 Christi
582 1396 692 1437 gloria,

249 1802 303 1833 35.

255 2205 308 2237 36.

383 1452 504 1474 crucem
530 1443 731 1483 apprehende

329 1491 373 1523 Et
398 1490 437 1521 de
462 1491 546 1522 eaelo
570 1490 709 1530 veniens,

377 1537 439 1576 pia,
463 1546 512 1568 me
538 1535 682 1577 defende,

333 1585 439 1615 Victos
464 1585 569 1615 hostes
594 1584 716 1615 animae

376 1631 501 1670 penitus
526 1630 665 1669 ostende,

331 1679 423 1710 Hanc
449 1679 613 1709 caelestem
637 1677 817 1717 rompheam

380 1723 506 1757 fortiter
530 1725 674 1758 extende.

329 1803 408 1840 Ave,
433 1800 521 1841 virgo
547 1800 710 1840 virginum,

379 1847 416 1878 de
441 1856 501 1886 qua
527 1848 636 1879 dicunt
657 1847 749 1880 iusti:

331 1895 414 1926 tera
437 1897 538 1926 mater
563 1894 677 1925 diceris

376 1942 487 1972 summi
510 1942 582 1974 Iesu
607 1941 735 1985 Christi,

330 1989 377 2021 Te
401 1988 581 2021 collaudant
604 1988 733 2028 spiritus

376 2043 482 2067 omnes
508 2036 747 2076 circumscripti,

333 2083 416 2120 Quae
439 2082 523 2114 hunc
547 2082 666 2113 fontem
689 2083 809 2124 gloriae

380 2129 417 2160 de
443 2132 474 2160 te
498 2129 642 2169 genuisti.

333 2205 411 2246 Ave,
438 2213 554 2243 sponsa
579 2204 713 2244 Domini,

377 2251 450 2282 veni
473 2260 530 2283 nos
556 2253 674 2295 iuvare,

331 2298 541 2338 Malignantes
568 2298 734 2331 daemones

378 2345 450 2378 veni
475 2346 661 2378 conturbare

918 402 973 436 37.

916 808 970 839 38.

920 1210 974 1244 39.

918 1613 973 1644 40.

920 2017 973 2051 41.

993 186 1160 224 vitamque
1183 181 1360 214 mortalium

1040 233 1086 263 sic
1110 228 1312 267 mortificare,

994 279 1083 318 Quod
1105 277 1201 310 vitam
1226 277 1411 315 perpetuam

1041 324 1162 365 possint
1186 327 1359 363 reportare.

995 400 1074 439 Ave,
1101 399 1187 430 cuius
1212 397 1311 429 filium

1044 446 1129 478 cruci
1153 444 1340 486 adfixerant,

997 494 1109 525 Pacem
1133 492 1234 524 sancti
1260 491 1401 530 corporis

1041 543 1138 572 totam
1165 539 1402 580 destruxerunt3

997 589 1021 621 Ο
1046 588 1140 619 beata
1164 586 1303 628 vulnera,

1043 644 1123 675 quae
1147 634 1193 664 sic
1217 633 1431 672 ploraverunt,

995 683 1083 722 Quod
1109 681 1209 713 Deum
1235 683 1267 711 et
1290 680 1445 711 hominem

1041 726 1286 769 pacificaverunt
1297 728 1302 758 Ξ

995 805 1074 844 Ave,
1100 803 1162 836 Dei
1187 802 1302 844 haiala,

1044 851 1119 882 felix
1143 849 1319 889 peregrina,

997 899 1083 937 Quae
1106 898 1139 928 in
1162 896 1248 927 caelo
1272 895 1406 927 mtilans

1042 948 1142 977 mater
1167 946 1200 974 et
1223 943 1342 984 regina,

997 994 1059 1025 Per
1082 995 1114 1023 te
1137 990 1247 1021 mundi
1273 989 1436 1021 criminum

1043 1038 1129 1070 facta
1154 1040 1202 1068 est
1225 1037 1324 1073 ruina,

997 1086 1066 1117 Nec
1088 1086 1120 1117 in
1145 1084 1236 1116 nobis
1258 1087 1399 1115 remanet

1044 1131 1179 1164 tribulus
1202 1133 1258 1162 aut
1279 1130 1381 1170 spina.

999 1208 1079 1246 Ave,
1107 1205 1167 1239 Dei
1192 1206 1344 1246 geneum,

1046 1254 1119 1285 olim
1144 1255 1337 1291 exspectata,

999 1302 1035 1333 In
1062 1300 1217 1332 caelorum
1240 1298 1367 1331 sedibus

1047 1348 1140 1387 digne
1165 1346 1325 1385 collocata,

999 1395 1048 1427 Ibi
1072 1396 1156 1425 serto
1182 1393 1301 1432 gloriae

1046 1448 1171 1480 semper
1195 1442 1353 1482 coronata,

999 1490 1061 1521 Per
1085 1490 1117 1519 te
1142 1487 1221 1518 caeli
1245 1486 1368 1527 requies

1046 1536 1088 1566 sit
1112 1533 1201 1566 nobis
1229 1534 1353 1565 donata.

999 1611 1078 1653 Ave,
1104 1612 1206 1641 mater
1229 1617 1411 1649 pauperum,

1046 1658 1087 1689 ad
1112 1665 1204 1697 quam
1230 1657 1453 1697 clamaverunt,

1001 1706 1098 1744 Quam
1123 1703 1185 1735 sibi
1206 1703 1379 1743 propitiam

1048 1759 1172 1792 semper
1195 1750 1375 1790 innuerunt,

1000 1800 1113 1831 Inanes
1138 1798 1264 1829 divitias

1047 1855 1105 1886 per
1127 1848 1160 1876 te
1185 1847 1450 1886 contempserunt,

1000 1894 1054 1926 Sic
1077 1894 1119 1925 ad
1143 1901 1263 1924 summa
1287 1892 1402 1932 gaudia

1047 1950 1105 1981 per
1128 1942 1161 1971 te
1184 1943 1405 1980 pervenerunt.

1001 2017 1080 2056 Ave,
1108 2015 1178 2048 fons
1202 2016 1235 2046 in
1259 2015 1418 2048 montibus

1049 2064 1129 2096 caeli
1153 2063 1333 2099 collocatus

1002 2111 1051 2143 De
1076 2119 1136 2151 quo
1161 2109 1244 2141 bibit
1266 2109 1377 2141 sitiens

1050 2166 1160 2190 servus
1183 2155 1343 2196 fatigatus,

1003 2206 1083 2244 Quia
1106 2212 1212 2236 omnes
1237 2202 1365 2235 fortiter

1050 2251 1145 2292 fregit
1167 2253 1348 2290 potentatus

1004 2299 1048 2331 Et
1073 2303 1199 2331 caten-as
1226 2298 1410 2333 daemonum

1051 2343 1092 2389 [A
1117 2341 1161 2387 te]
1188 2345 1366 2378 roboratus.
