1650 2612
195 207 225 240 8.

173 1021 227 1054 10.

171 1428 225 1461 11.

172 1835 226 1870 12.

172 2246 226 2278 13.

674 115 930 151 —163—

252 207 331 246 Ave,
357 215 416 247 per
441 217 533 249 quam
557 209 710 243 Dominus

298 255 399 286 nostri
423 256 599 300 miseretur,

254 301 350 333 Cuius
373 301 443 334 laus
467 303 500 335 in
525 302 590 336 filio

302 349 396 389 digne
421 354 612 395 recensetur,

253 395 311 435 Qui
338 397 412 428 dum
436 398 524 437 pacis
548 401 687 431 osculum

302 442 395 476 fictae
418 454 480 477 non
505 449 641 483 veretur,

254 490 322 523 Sibi
346 491 484 533 laudem,
511 493 641 532 gloriam

298 539 390 570 nobis
416 543 622 578 promeretur.

220 642 226 648 .
252 614 332 653 Ave,
360 615 446 646 euius
470 618 578 647 uterus

301 660 404 693 factus
429 666 477 693 est
503 663 676 705 castellum⁷

253 709 342 747 Quod
367 709 497 741 intravit
523 709 675 742 Dominus

301 764 477 796 properans
503 757 543 787 ad
570 757 698 798 bellum,

252 803 310 842 Qui
335 803 396 835 sibi
423 804 463 835 de
487 803 612 835 funibus

301 849 421 882 fecerat
443 849 612 892 flagellum,

252 897 401 930 Inimicos
426 898 530 937 posuit

301 944 435 984 pedibus
460 944 641 977 scabellum.

253 1021 333 1058 Ave,
360 1029 419 1061 per
444 1030 536 1060 quam
562 1023 685 1061 genitor

300 1067 398 1099 filium
422 1068 596 1109 praemisit,

254 1115 444 1147 Redimendi
468 1115 578 1154 populi

302 1171 408 1194 euram
435 1162 484 1193 cui
511 1162 674 1202 commisit,

252 1210 291 1241 In
317 1218 409 1249 quem
435 1218 504 1240 eum
531 1209 673 1241 diabolus

301 1265 426 1288 manum
451 1265 538 1288 suam
564 1257 659 1293 misit,

253 1303 336 1342 Quos
361 1303 402 1335 ad
428 1307 560 1335 mortem
585 1305 739 1344 traxerat,

299 1350 442 1382 nesciens
467 1350 582 1383 amisit.

251 1427 331 1466 Ave,
357 1427 451 1458 stella
475 1427 622 1458 nuntians

301 1475 370 1506 veri
394 1474 469 1505 solis
495 1476 609 1514 ortum,

253 1521 303 1552 De
328 1531 390 1561 qua
416 1530 522 1553 verum
547 1521 685 1553 tenebris

300 1569 404 1600 lumen
431 1571 479 1599 est
504 1571 656 1609 exortum,

255 1615 344 1654 Quod
369 1616 402 1647 in
424 1615 542 1647 nostris
566 1614 723 1646 mentibus

302 1662 423 1703 reperis
450 1662 628 1702 distortum,

256 1710 343 1742 Tuae
367 1710 537 1750 participio

300 1757 380 1789 lueis
406 1756 443 1790 fit
466 1757 659 1798 absorptum.

252 1833 332 1876 Ave,
359 1835 462 1865 mater
485 1833 586 1873 pueri,

300 1890 358 1920 per
382 1889 474 1920 quem
500 1881 567 1912 vita
591 1880 684 1912 datur

254 1928 349 1961 Cuius
369 1929 438 1961 laus
463 1938 482 1960 a
506 1928 613 1968 pueris

303 1977 396 2017 digne
421 1975 637 2017 praedicatur,

253 2024 319 2056 Per
342 2027 375 2056 te
399 2023 491 2055 nobis
515 2023 638 2064 puritas

302 2073 386 2105 vitae
412 2070 602 2111 conferatur,

253 2119 344 2158 Quod
368 2120 402 2152 in
425 2118 582 2159 pueritiae

301 2168 428 2200 nomine
452 2167 605 2207 signatur.

252 2245 333 2288 Ave,
356 2244 442 2277 cuius
468 2243 551 2276 filius

301 2293 419 2327 sudans
444 2292 477 2324 in
503 2299 613 2334 agone,

252 2339 344 2373 Mare
367 2339 497 2372 rubrum
522 2339 695 2372 transmeat

300 2397 403 2421 merso
428 2388 606 2428 Pharaone,

847 430 901 462 14,

849 834 903 866 15.

850 1237 903 1270 16.

852 1644 904 1676 17.

856 2051 909 2085 18.

929 212 996 244 Neo
1019 211 1054 245 fit
1078 212 1198 252 praeda
1224 211 1341 245 faciens

973 260 1122 299 praedam
1149 260 1189 292 de
1212 259 1382 300 praedone,

928 306 1042 347 Sicque
1063 308 1182 346 praedo
1207 308 1308 340 victus
1334 309 1391 344 est,

975 354 1075 386 victus
1101 363 1119 385 a
1143 354 1255 386 tirone.

928 430 1006 468 Ave,
1032 437 1143 461 norma
1166 428 1252 470 fidei,

976 476 1063 515 pacis
1090 476 1268 517 disciplina,

926 523 1006 562 Apis
1029 524 1123 554 mella
1148 523 1277 563 faciens,

976 571 1049 601 vitis
1074 569 1211 602 fundens
1237 571 1318 612 vina,

930 617 1001 648 Vini
1027 617 1259 649 mericalieem

975 664 1049 695 filiis
1074 665 1210 704 propina

928 710 972 742 Et
998 712 1037 743 de
1059 711 1142 742 valle
1166 711 1302 743 tristium

976 757 1114 789 transfer
1138 758 1179 790 ad
1207 758 1323 790 divina.

928 833 1008 872 Ave,
1035 832 1108 864 vitis
1133 832 1258 872 fertilis,

977 881 1070 912 docta
1092 880 1265 920 propinare

929 927 1054 966 Vinum,
1081 928 1163 966 quod
1188 927 1335 968 inebriat,

978 975 1081 1005 vinum
1108 975 1256 1016 salutare,

928 1021 1056 1062 Vinum,
1085 1021 1125 1051 de
1148 1029 1208 1061 quo
1232 1021 1384 1052 Dommus

975 1068 1070 1099 risum
1097 1066 1173 1099 feeit
1191 1065 1298 1107 Sarae,

930 1114 1012 1145 Dum
1036 1115 1183 1154 promisit
1205 1114 1355 1146 Abrahae

975 1169 1080 1193 semen
1107 1161 1269 1201 ampliare.

929 1237 1009 1275 Ave,
1036 1245 1093 1277 per
1118 1245 1210 1276 quam
1235 1236 1337 1268 faetus
1364 1239 1412 1268 est

975 1284 1067 1316 homo
1090 1292 1146 1315 rex
1172 1284 1339 1326 caelorum,

930 1331 1023 1363 Cuius
1047 1331 1165 1369 passim
1191 1334 1312 1362 reserat

976 1378 1087 1410 laudes
1114 1387 1173 1410 vox
1196 1378 1331 1417 piorum,

929 1426 975 1457 Te
1000 1425 1130 1457 laudare
1153 1425 1269 1465 iugiter

975 1481 1096 1504 summa
1120 1473 1162 1504 sit
1185 1476 1339 1511 votorum,

931 1520 1039 1551 Donec
1064 1529 1119 1551 nos
1145 1520 1298 1559 suscipiat

979 1568 1090 1599 chorus
1111 1567 1303 1607 angelorum.

931 1644 1010 1683 Ave,
1039 1642 1111 1674 vitis
1137 1642 1268 1684 gratiae,

980 1690 1052 1721 vitis
1078 1690 1236 1731 salutaris,

932 1738 1029 1776 Quam
1055 1738 1186 1770 vallavit
1210 1737 1350 1777 undique

978 1785 1061 1824 lapis
1086 1784 1256 1825 angularis,

939 1831 1088 1864 Nostram
1112 1831 1201 1871 saepi
1226 1832 1349 1863 vineam

979 1880 1075 1918 vallo,
1098 1888 1160 1918 quo
1184 1879 1325 1920 vallaris,

933 1926 983 1958 Ne
1007 1935 1063 1959 nos
1090 1926 1198 1958 laedat
1221 1926 1325 1958 rabies

979 1973 1040 2006 feri
1063 1973 1243 2014 singularis.

935 2050 1016 2092 Ave,
1041 2049 1095 2090 pia
1119 2049 1263 2091 genetrix

980 2097 1261 2137 immaculatorum,

934 2144 1071 2184 Quorum
1092 2145 1145 2176 lex
1169 2147 1218 2176 est
1242 2154 1371 2177 currere

982 2193 1063 2226 viam
1088 2192 1319 2232 mandatorum,

933 2240 984 2272 Ne
1008 2250 1026 2273 a
1053 2240 1102 2272 via
1129 2239 1254 2273 devient

984 2289 1083 2329 pedes
1107 2288 1273 2328 viatorum,

937 2337 1026 2377 Quod
1050 2345 1107 2368 nos
1132 2338 1253 2377 gravat,
1280 2344 1390 2368 amove

983 2384 1107 2425 pondus
1132 2387 1343 2425 peccatorum.

1232 2437 1292 2469 11*
