1650 2612
195 200 250 232 11.

197 518 250 549 12.

194 836 249 867 13.

195 1153 250 1184 14.

194 1471 247 1502 15.

193 1790 245 1821 16.

191 2117 246 2149 17.

275 201 354 241 Ave,
380 201 463 238 Iesu,
488 203 607 241 primus
632 202 732 239 homo,

276 247 351 279 Cum
379 247 529 288 deceptus
553 249 607 280 vili
633 256 726 286 pomo

320 294 473 327 Paradiso
498 295 638 335 pellitur,

273 339 386 371 Mundi
410 342 478 372 sine
503 350 596 372 cansa
619 340 676 371 tali

273 385 374 416 Huius
398 388 478 419 tanti
503 396 597 418 causa
619 386 694 417 mali

320 432 452 472 Sanguis
476 437 547 465 tuus
571 431 724 463 funditur.

275 516 355 555 Ave,
380 516 463 557 1esu,
488 517 592 548 lumen
615 525 734 557 verum,

273 563 360 594 Talis
386 566 454 595 erat.
477 563 555 595 ordo
580 571 694 601 rerum,

320 608 365 641 Ut,
389 610 530 649 captivos
554 610 702 647 solveres,

273 656 344 688 Lux
371 657 410 687 de
435 657 520 688 caelo
547 657 747 697 descendisti,

275 703 352 735 Velo
379 704 481 735 carnis
505 704 635 742 latuisti,

324 749 456 781 Carnem
479 753 516 781 ut.
537 750 720 783 redimeres,

274 835 354 873 Ave,
379 834 461 874 Iesu,
488 843 580 874 quem
606 835 645 866 de
670 835 764 866 caelis

275 880 385 912 Suavis
411 879 493 912 fatus
520 881 677 913 Gabrielis

320 927 486 959 Nuntiavit
509 928 633 971 virgini,

274 974 361 1006 Illud
385 974 441 1006 ille
464 975 539 1005 tulit
562 983 628 1016 ave,

275 1020 410 1052 Verbum
436 1021 550 1053 bonum
576 1024 608 1052 et
630 1030 736 1061 suave,

322 1067 425 1099 Vitam
450 1067 554 1099 ferens
579 1068 706 1100 homini.

275 1153 354 1190 Ave,
380 1151 462 1189 Iesu,
487 1161 543 1183 rex
567 1161 585 1182 0
610 1152 691 1194 talis,

274 1198 356 1229 Dum
381 1199 496 1230 secreti
518 1199 680 1238 virginalis

322 1244 522 1276 Subintrares
548 1245 677 1287 viscera,

275 1291 518 1331 Paranymphus
542 1292 615 1323 tulit
637 1292 692 1322 ille

274 1338 429 1379 Salutare,
455 1339 525 1377 plus
548 1347 639 1377 quam
664 1339 750 1369 mille

322 1384 502 1417 Gratiarum
525 1393 665 1419 munera.

273 1470 351 1512 Ave,
378 1469 461 1510 Iesu,
486 1471 542 1502 lux
566 1469 725 1511 immensa,

275 1516 405 1549 Umbris
429 1517 483 1548 lux
507 1517 776 1556 incomprehensa,

324 1562 424 1594 Castis
447 1564 481 1594 in
505 1563 677 1595 visceribus

275 1610 369 1649 Virgo
385 1610 479 1642 verbo
493 1619 585 1650 quam
600 1613 794 1650 conceptam,

274 1656 374 1688 Carne
397 1658 515 1689 munda
535 1660 793 1696 circumsaeptam

320 1703 440 1735 Novem
464 1704 537 1735 tulit
561 1704 728 1737 mensibus,

271 1790 350 1828 Ave,
376 1789 458 1829 Iesu,
483 1790 655 1829 inquietum

272 1836 463 1868 Unicornem
489 1840 520 1868 et
543 1837 699 1868 insuetum

318 1882 365 1913 Te
387 1882 492 1915 Maria
515 1884 626 1921 tenuit,

271 1929 476 1961 Metuendum
502 1933 534 1961 et
556 1930 708 1961 invictum

275 1976 313 2006 Vi
337 1977 452 2007 amoris
477 1979 509 2007 te
532 1977 695 2007 astrictum

319 2022 380 2053 Illa
405 2023 491 2063 virgo
519 2023 647 2055 domuit.

271 2116 350 2155 Ave,
375 2115 456 2155 Iesu,
483 2125 591 2147 sensus
615 2116 687 2156 Dei,

271 2163 336 2194 Per
360 2171 450 2202 quem
472 2164 571 2195 mirae
595 2164 713 2202 speciei

320 2210 391 2242 Hoc
415 2209 530 2242 effulsit
554 2211 724 2248 saeculum,

273 2258 357 2290 Dum
381 2255 517 2289 Mariam
543 2257 674 2298 elegisti,

276 2304 402 2338 Clarum
425 2313 554 2344 prorsus
579 2304 702 2335 subiisti

323 2350 404 2383 Solis
428 2351 673 2384 tabernaculum.

805 108 851 141 80

867 202 921 234 18.

865 518 918 549 19.

864 836 918 869 20.

866 1155 919 1186 21.

867 1474 921 1504 22.

864 1793 917 1824 23.

865 2119 919 2151 24.

947 202 1024 243 Ave,
1051 202 1123 233 Iesu
1148 201 1307 239 salutaris,

947 248 1042 285 Quem
1069 248 1214 286 concepit,
1235 247 1330 278 stella
1352 245 1451 276 maris

992 294 1067 325 Sine
1089 302 1177 325 mare
1200 293 1336 333 penitus,

946 340 1044 371 Vivae
1068 340 1173 370 lumen
1197 339 1352 378 veritatis,

944 386 1044 418 Vivae
1067 385 1193 417 flamma
1218 385 1358 417 caritatis

993 432 1069 464 Cum
1094 433 1231 471 spiraret
1256 432 1397 465 caelitus,

945 518 1023 554 Ave,
1050 517 1132 556 Iesu,
1158 525 1215 548 rex
1241 515 1411 557 caelorum,

944 564 981 596 In
1007 563 1151 603 supernis
1176 563 1358 602 angelorum

993 611 1075 648 Vita,
1101 619 1165 650 pax
1190 613 1221 641 et
1244 610 1371 650 iubilus,

945 657 995 688 De
1019 657 1163 696 supernis
1190 656 1392 699 descendisti,

946 704 1031 735 Deus
1057 712 1151 735 carne
1174 703 1306 745 latuisti,

995 750 1105 782 Carnis
1129 750 1213 782 nube
1236 750 1372 781 nubilus.

944 835 1023 877 Ave,
1048 835 1131 876 Iesu,
1156 833 1213 865 flos
1240 834 1356 872 divine,

946 882 1043 920 Quem
1068 890 1131 912 non
1152 881 1244 912 laesit
1261 880 1308 912 vis
1326 882 1467 923 pruinae,

992 928 1083 960 Omni
1107 927 1239 967 pulchro
1263 927 1436 966 pulchrior,

943 975 1020 1006 Flos
1044 975 1078 1006 in
1102 975 1193 1005 horto
1219 973 1366 1013 virginali

944 1023 1061 1053 Austro
1087 1020 1183 1052 flante
1206 1020 1348 1062 speciali,

990 1068 1137 1099 Balsamo
1161 1066 1354 1107 flagrantior.

944 1154 1023 1192 Ave,
1049 1152 1132 1193 Iesu,
1159 1152 1211 1191 qui
1236 1160 1268 1182 es
1293 1151 1413 1190 primus

944 1200 1061 1231 Factus
1086 1199 1188 1238 homo,
1213 1207 1296 1239 caro,
1321 1198 1426 1237 limus,

991 1246 1101 1277 Honor
1124 1245 1226 1276 nostri
1249 1246 1380 1288 generis,

945 1293 995 1324 De
1017 1292 1122 1324 Maria
1145 1292 1214 1323 sine
1236 1292 1304 1323 viro

945 1339 1082 1372 Induisti
1105 1339 1198 1370 modo
1223 1339 1303 1370 miro

990 1386 1130 1418 Massam
1154 1385 1256 1417 nostri
1280 1385 1431 1425 pulveris.

946 1472 1025 1509 Ave,
1051 1471 1134 1510 Iesu,
1159 1478 1237 1502 voce
1259 1470 1346 1501 laeta

946 1519 1144 1550 Protestatur
1168 1523 1204 1548 ut
1227 1517 1384 1556 propheta

991 1565 1134 1604 Linguae
1159 1564 1259 1595 dulcis
1285 1564 1415 1605 calamo,

944 1611 1045 1643 Homo
1069 1610 1172 1642 forma
1196 1611 1357 1650 speciosus

944 1658 1129 1690 Processisti
1155 1666 1317 1689 amorosus

993 1705 1132 1745 Sponsus
1156 1708 1193 1736 ut
1218 1705 1258 1736 de
1281 1704 1429 1738 thalamo,

944 1792 1024 1830 Ave,
1048 1791 1134 1830 Iesu,
1160 1788 1230 1820 fons
1257 1788 1404 1828 dulcoris,

944 1839 1042 1878 Quem
1064 1835 1209 1875 profudit
1230 1833 1289 1866 flos
1312 1836 1454 1875 pudoris,

996 1883 1158 1915 Castitatis
1181 1882 1292 1922 lilium,

945 1931 1067 1963 Lumen
1077 1938 1199 1969 purum,
1214 1929 1366 1968 splendor
1373 1929 1468 1972 clare,

946 1978 1034 2009 Talis
1058 1976 1151 2007 talem
1177 1984 1330 2015 generare

991 2022 1176 2055 Merebatur
1198 2021 1309 2054 filium.

945 2118 1026 2157 Ave,
1051 2117 1134 2155 Iesu,
1159 2114 1217 2147 flos
1242 2117 1390 2158 vernalis,

946 2163 1153 2197 Pulchritudo
1177 2163 1349 2201 aestivaljS,

995 2210 1085 2242 Omni
1111 2209 1197 2241 (111161
1223 2209 1353 2248 dulcior,

947 2259 1042 2297 Quem
1067 2256 1223 2295 plantavit
1248 2258 1361 2296 grandi
1387 2267 1463 2292 cura

948 2305 1044 2343 Virgo
1072 2303 1184 2343 dulcis,
1209 2303 1297 2343 virgo
1322 2314 1412 2345 pura,

995 2350 1068 2384 Sole
1090 2349 1284 2384 luminosior.
