1650 2612
219 638 273 669 34.

219 1076 273 1108 35.

212 1523 266 1555 36.

208 1972 262 2003 37.

724 98 978 133 -144-

295 198 375 237 Ave,
400 200 492 237 grata

346 245 442 276 latori
465 244 596 283 gratiae,

299 292 420 323 Bonum
444 291 533 322 bonis

344 339 464 369 addens
489 336 637 376 quotidie,

297 387 391 422 Quem
415 384 449 415 in
473 383 547 414 Sion

343 431 451 462 vidisti
476 432 590 462 terrea.

296 478 387 508 Nunc
411 478 445 508 in
469 476 544 507 Sion

339 524 429 555 vides
450 523 608 562 aetherea,

390 571 414 602 O
439 570 494 600 lux
518 569 728 600 tenebrarum.

298 637 377 673 Ave,
403 638 490 666 terra

345 691 453 714 carens
477 682 625 721 agricola,

299 729 349 761 De
372 738 434 768 qua
455 729 563 767 prodit

343 776 486 807 caelestis
509 775 623 814 incola,

297 823 347 854 De
370 826 401 853 te
426 823 526 861 surgit

342 873 451 900 exorta
472 871 600 909 veritaS,

299 915 410 948 Floret
435 915 564 954 fruetus,

345 963 437 994 datur
461 962 648 1002 benignitas,

389 1009 412 1041 O
437 1009 572 1048 pulchra
594 1017 746 1040 rosarum.

298 1075 378 1113 Ave,
405 1075 488 1113 regis

344 1121 458 1152 ancilla
481 1121 591 1162 libera,

297 1168 465 1200 servitutis

339 1223 390 1245 me
411 1215 483 1253 iugo
505 1214 618 1254 libera,

295 1261 357 1292 Per
380 1264 412 1291 te
434 1269 523 1291 meae

343 1311 453 1346 parcat
478 1308 632 1349 miseriae,

295 1354 352 1393 Qui
376 1363 411 1385 se
434 1355 512 1385 texit

339 1401 445 1432 servili
471 1401 586 1441 specie,

386 1448 409 1479 O
434 1446 492 1479 flos
516 1448 584 1478 sine
607 1448 708 1487 spina.

291 1522 371 1556 Ave.
399 1522 438 1553 de
462 1531 521 1561 qua

338 1577 397 1607 per
421 1577 476 1600 ora
499 1569 609 1608 populi

294 1614 431 1647 Gloriosi

336 1662 504 1693 volvuntur
527 1663 622 1699 tituli,

289 1708 338 1740 De
362 1712 394 1739 te
417 1711 488 1740 tuus

335 1758 427 1787 natus
453 1759 499 1787 est
524 1756 672 1794 conditor,

290 1802 345 1834 Sol
371 1803 410 1834 de
431 1803 534 1842 stella,

337 1850 376 1881 de
399 1853 474 1881 nata
498 1851 630 1890 genitor,

382 1897 406 1928 O
430 1897 524 1928 stella
546 1898 676 1931 marina.

287 1972 367 2010 Ave,
393 1980 492 2010 Virgo,

335 2026 425 2056 quam
451 2026 542 2049 servo
566 2019 682 2059 virgini

289 2064 526 2096 Commendavit

336 2111 468 2142 dulcedo
493 2111 631 2152 Domini,

290 2157 365 2189 Cum
389 2158 431 2188 ad
457 2166 579 2190 erucem

336 2204 454 2237 Christi
478 2206 657 2245 accederes,

285 2251 387 2283 Notos
413 2251 479 2282 eius

336 2298 475 2338 dispergi
500 2308 654 2340 cerneres,

378 2345 402 2377 O
428 2355 491 2385 pax
515 2346 668 2378 odiorum.

892 196 947 227 38.

892 635 947 674 39,

887 1075 943 1106 40.

884 1523 940 1558 41.

881 1977 937 2008 42.

971 196 1050 237 Ave,
1076 197 1150 226 nata

1019 242 1123 273 Davi-d
1150 242 1190 273 de
1212 242 1362 281 germine,

973 288 1107 320 Gennen
1133 288 1263 328 habens,

1018 335 1074 366 sed
1099 335 1219 375 absque
1241 337 1370 377 semine,

971 382 1063 413 Paris
1086 382 1185 419 illum,

1017 429 1067 459 eui
1090 429 1192 468 patris
1215 430 1322 461 unctio

970 475 1112 514 Regnum
1139 475 1229 507 dedit

1019 530 1087 552 eum
1110 522 1297 561 sacerdotio,

1064 569 1089 600 O
1114 571 1199 600 meta
1220 569 1374 601 laborum.

972 636 1052 671 Ave,
1077 643 1136 674 per
1160 643 1252 674 quam

1018 690 1116 720 super
1137 690 1196 712 nos
1222 681 1335 713 claruit

971 729 1129 768 Splendor
1151 729 1217 768 ille,

1017 783 1109 814 quem
1131 778 1225 814 pater
1248 776 1365 817 genuit,

968 822 1057 861 Roga
1083 822 1250 864 Christum⁷

1016 871 1050 899 ut
1072 869 1138 899 eius
1164 869 1295 900 dextera

969 915 1076 947 Plebis
1100 924 1175 946 suae

1014 965 1164 1002 regantur
1187 971 1294 1003 opera,

1064 1009 1088 1041 O
1115 1010 1236 1040 consilii
1259 1019 1323 1041 ros.

969 1075 1049 1114 Ave,
1073 1075 1186 1114 pudor,

1015 1130 1107 1160 quem
1133 1122 1213 1153 dena
1236 1123 1351 1153 millies

967 1169 1160 1207 Angelorum

1015 1215 1145 1246 vallavit
1169 1216 1263 1256 acie-3,

969 1261 1029 1299 Qui
1052 1262 1180 1293 timores

1014 1311 1184 1340 nocturnos
1208 1310 1376 1349 pellerent,

967 1355 1083 1386 Hostes
1107 1357 1170 1386 tuis

1014 1412 1034 1433 3
1059 1402 1179 1433 dextris
1204 1404 1364 1444 caderent,

1060 1450 1084 1482 O
1109 1451 1284 1483 munditiae
1306 1450 1374 1483 flos.

965 1525 1047 1566 Ave,
1071 1525 1187 1564 palma,

1011 1572 1133 1611 signum
1158 1574 1321 1614 victoriae,

965 1619 1048 1657 Quae
1070 1619 1175 1650 vicisti

1010 1666 1101 1706 signa
1123 1667 1275 1707 malitiae,

965 1712 1072 1743 Silvae
1094 1714 1190 1753 lignis

1010 1762 1074 1791 stat
1100 1761 1213 1792 cedrus
1238 1762 1342 1804 altior,

963 1806 1088 1838 Sanctis
1114 1808 1194 1838 caeli

1009 1857 1046 1885 tu
1069 1855 1138 1886 sola
1161 1856 1309 1898 sanctior,

1058 1902 1082 1933 O
1108 1903 1223 1933 cedrus
1248 1903 1358 1935 odora.

962 1977 1041 2018 Ave,
1070 1977 1110 2008 de
1133 1986 1196 2016 qua

1011 2023 1155 2054 decorem
1178 2024 1284 2055 induit

961 2071 1031 2102 Rex
1057 2070 1198 2108 decorem,

1010 2125 1101 2156 quem
1125 2117 1171 2148 nil
1197 2117 1354 2158 dedecuit,

965 2163 1025 2203 Qui
1047 2166 1080 2194 te
1104 2162 1182 2195 fecit

1011 2219 1050 2242 ex
1075 2211 1156 2242 dono
1181 2212 1305 2250 gratiae,

962 2257 1143 2297 Speciosam

1011 2304 1051 2335 de
1074 2313 1131 2336 sua
1154 2305 1271 2343 specie,

1055 2351 1080 2383 O
1105 2359 1228 2391 gemma
1253 2353 1378 2386 deeora.
