1650 2612
666 114 897 149 -29-

150 206 206 241 31.
233 208 332 248 Rogo,
360 206 461 240 dulcis
487 208 606 249 lancea,

282 252 413 288 vulnera
438 262 491 286 cor
515 263 627 300 meum,

235 300 435 333 Voluntatem
460 302 622 342 propriam

279 348 355 388 eice,
383 357 463 388 quae
487 349 589 381 Deum

231 394 382 437 Offendit,
406 404 457 427 me
480 395 581 429 efficit

281 451 386 474 coram
407 443 479 483 ipso
504 452 602 483 reum,

229 489 306 529 Fac,
332 488 406 521 Iesu
427 489 585 531 oboediat,

278 536 340 576 fac,
366 539 515 577 sequatur
540 546 618 569 eum.

145 611 202 644 32.
229 611 254 644 Ο
282 611 373 654 clavi⁷
401 620 454 644 vos
480 612 640 653 sanguinis

279 658 371 690 huius
397 660 563 691 reserastis

230 705 420 745 Thesauros,
446 705 610 738 obstacula

275 752 379 784 carnis
407 752 609 793 penetrastis,

229 799 456 841 Medullarum,
482 800 610 841 ossium,

275 855 444 878 nervorum
469 846 612 879 intrastis

227 892 368 936 Secreta,
396 893 524 925 divitias

275 940 324 971 his
349 940 426 971 mihi
452 940 604 973 donastis.

146 1016 203 1048 33.
229 1014 293 1047 Vos
317 1024 378 1055 pro
402 1014 565 1056 gariofolis

274 1061 351 1094 mihi
376 1062 556 1102 reservabo,

226 1108 276 1140 Ne
302 1107 460 1141 defectum
486 1110 590 1148 patiar

276 1155 392 1197 cordis,
419 1155 602 1199 masticabo,

228 1204 290 1235 Pro
318 1202 426 1235 dolore
452 1204 565 1242 capitis

275 1249 424 1289 frequens
449 1250 624 1292 ruminabo,

224 1296 338 1329 Manus
363 1298 461 1337 pedes
487 1297 622 1329 stimulis

273 1344 387 1376 vestris
412 1344 565 1377 excitabo.

148 1420 204 1451 34.
230 1419 266 1450 In
291 1420 384 1458 petra
409 1419 577 1451 durissima

271 1465 381 1497 nidum
407 1467 621 1499 exstruxistis-

226 1512 396 1553 Golumbis,
424 1513 539 1553 ericiis,

270 1560 347 1591 illuc
370 1559 555 1601 confugistis

223 1608 301 1640 Cum
325 1608 441 1640 vestris
466 1607 594 1647 aculeis,

271 1663 336 1694 vos,
363 1655 416 1694 qui
442 1655 621 1687 excessistis

221 1701 257 1733 In
282 1702 411 1734 summis
437 1702 620 1743 sceleribus,

269 1749 315 1781 ibi
341 1749 490 1782 latuistis.

139 1826 194 1858 35.
221 1824 271 1856 Ibi
295 1824 512 1866 paenitentiae

268 1872 450 1912 sumpsistis
474 1872 611 1913 labores,

220 1919 271 1951 Ibi
297 1929 352 1952 vos
380 1920 526 1952 contritio

268 1966 491 2008 apprehendit,
516 1967 602 2000 fores

220 2015 296 2056 Spei
320 2018 482 2047 reseratae
504 2018 587 2054 sunt,

265 2063 428 2104 gehennae
452 2065 589 2095 tortores

216 2109 386 2151 EvasistiS,
412 2110 566 2150 pessimos

267 2157 398 2190 exuistis
424 2166 539 2190 moreS.

135 2235 191 2267 36.
220 2234 278 2273 Qui
305 2243 379 2274 ergo
404 2234 575 2273 aliquando

265 2282 340 2313 estis
367 2282 490 2322 operati

214 2328 252 2360 In
278 2338 345 2369 vos,
370 2329 485 2369 Deum,
510 2329 688 2369 proximum

263 2376 365 2417 nefas,
392 2376 522 2410 sanitati

909 210 1069 249 Restituti,
1097 210 1234 250 consulo,

953 266 993 289 ne
1017 257 1086 289 sitis
1108 257 1234 297 ingrati,

906 304 1004 346 Rogo,
1034 304 1260 344 amplectimini

953 352 1062 393 plagas
1088 351 1252 385 vulnerati.

828 427 885 459 37.
909 426 962 458 Ad
987 427 1069 459 hanc
1094 430 1225 467 petram,
1253 425 1356 458 anima

951 482 1031 516 mea,
1059 473 1140 505 viam
1165 475 1242 514 tere,

905 519 944 552 In
968 521 1029 552 hac
1051 520 1160 552 nidum
1185 524 1341 561 construe,

951 567 1004 599 ln'c
1027 567 1120 599 stude
1143 568 1252 607 latere,

906 613 995 646 Haec
1020 614 1116 646 turris
1141 612 1324 649 fortissima.

953 669 991 693 ex
1016 662 1076 692 hac
1099 670 1188 693 arma
1212 669 1336 701 quaere,

903 707 954 739 Ex
979 708 1039 739 hac
1061 707 1148 739 mille
1174 708 1290 748 clipeos

950 754 1033 786 scias
1058 754 1249 794 dependere.

825 830 882 862 38.
909 829 1000 861 Omni
1026 829 1190 869 diligentia

955 876 1035 909 illud
1061 876 1200 917 elabora,

906 923 953 956 Ut
976 923 1009 954 in
1035 923 1086 954 die
1112 924 1214 956 exitus

953 972 985 1001 et
1007 970 1039 1002 in
1064 971 1173 1002 mortis
1199 971 1276 1003 hora

906 1017 944 1050 In
969 1017 1030 1049 hac
1053 1019 1145 1056 petra
1167 1018 1277 1061 lateas,

950 1067 985 1095 ut
1010 1064 1126 1097 evadas
1151 1073 1207 1097 ora

905 1111 1043 1143 Leonum
1071 1114 1102 1142 et
1127 1112 1234 1144 videas

951 1167 1097 1197 sponsum
1124 1159 1192 1191 sine
1217 1169 1317 1191 mor-a.

822 1234 878 1265 39.
904 1232 1003 1264 Stude
1027 1232 1128 1265 dulcis
1153 1233 1315 1266 lavacrum

951 1279 1060 1311 lateris
1088 1281 1188 1321 adire,

905 1326 949 1361 Ut
974 1327 1145 1368 munderis,
1172 1327 1279 1359 abluet

950 1383 1041 1416 aqua,
1068 1374 1194 1416 sanguis
1219 1375 1307 1415 mire,

903 1421 1031 1453 Reddet
1056 1422 1332 1464 pulchritudinem,

950 1468 995 1500 sic
1020 1469 1148 1501 resistes
1169 1469 1246 1508 irae,

906 1514 974 1547 Nec
998 1515 1161 1548 audebunt
1186 1517 1353 1549 daemones

950 1566 1060 1594 contra
1085 1566 1117 1594 te
1142 1564 1272 1604 mugire.

820 1638 876 1670 40.
901 1638 990 1678 Esto,
1014 1639 1098 1678 quod
1125 1639 1335 1680 chirographa

951 1688 1055 1717 cartas
1082 1688 1284 1726 peccatorum

903 1732 1055 1764 Adducat
1078 1733 1111 1764 in
1135 1734 1274 1765 medium

953 1782 986 1810 et
1008 1779 1233 1813 advocatorum

904 1826 1046 1868 Copiam,
1072 1827 1262 1860 clamoribus

952 1874 1100 1905 resistant
1126 1883 1233 1907 eorum

901 1923 1115 1954 Instrumenta
1140 1923 1312 1963 sanguinis,

948 1969 1050 2001 crucis
1073 1972 1105 2000 et
1130 1970 1300 2004 clavorum.

819 2044 872 2076 41.
902 2045 1012 2078 Crucis
1037 2046 1222 2078 cancellatio

948 2093 1070 2132 scripta
1094 2093 1291 2134 reprobabit,

900 2139 1070 2172 Abradent
1093 2141 1291 2173 mendacium

946 2187 1037 2228 clavi,
1062 2188 1211 2227 palliabit

901 2234 1034 2276 Sanguis
1060 2244 1118 2267 sua
1142 2245 1285 2276 purpura

948 2283 1058 2322 culpas
1084 2287 1115 2316 et
1142 2284 1291 2315 clamabit

898 2330 1043 2369 Veniam,
1069 2331 1116 2362 sic
1139 2331 1276 2363 hostium

944 2378 1050 2411 rabies
1076 2377 1223 2411 cessabit.
