1650 2612
623 120 855 156 -21„-

871 216 1064 249 Potestatem
1089 215 1275 247 honoremus

917 262 1055 295 Deitatis
1078 262 1185 302 latria,

110 216 166 248 46.
193 214 295 246 Dulce
319 214 447 254 lignum,
475 224 535 254 quo
560 216 700 248 salvator

240 260 358 302 Vincit,
386 266 507 302 regnat,
533 263 679 303 imperat,

195 307 333 348 Christe,
358 310 471 341 mortis
495 309 719 349 triumphator,
872 309 918 341 Ut
939 308 1112 342 scabellum
1134 310 1302 341 adoremus

241 355 378 387 Mortem
406 358 507 388 morte
531 358 672 397 superat,
920 356 1030 389 Carnis
1056 364 1132 388 suae
1158 356 1254 388 dulia.

194 403 291 442 Quem
316 406 474 456 commota
496 406 583 435 terra
607 405 674 436 tota
791 414 846 446 49.
872 412 972 445 Dulce
992 412 1121 454 lignum,
1145 412 1231 444 cuius
1249 411 1396 452 hymnum

239 449 431 482 MOPleD'ffim
456 453 609 490 Senserat,
921 459 1009 493 Caeli
1035 462 1151 492 canunt
1175 460 1265 500 atri0‚

193 496 258 528 Sua
281 499 384 529 morte
410 497 506 529 rectis
532 498 629 529 corde
874 507 956 545 Quos
981 507 1098 539 locavit
1123 509 1153 537 et
1178 505 1286 538 beavit

241 545 358 576 Veram
382 545 486 576 lucem
512 543 666 578 conferat.
920 554 983 586 Suo
1007 554 1093 586 Deus
1118 553 1242 594 gaudio,

109 602 167 633 47.
194 600 296 632 Dulce
312 600 442 641 lignum,
468 601 503 632 in
519 609 579 640 quo
595 601 722 641 dignum
873 600 935 632 Per
960 603 992 632 te
1018 601 1094 632 data
1119 600 1282 640 duplicata

240 647 441 687 Flagellatur
465 648 615 689 triticum,
919 647 1019 678 Nobis
1045 647 1088 679 sit
1112 646 1278 688 confessio,

196 694 307 726 Dulcis
332 695 431 737 Iesus,
458 692 566 734 flagris
593 702 701 725 caesus
872 693 918 726 Ut
942 696 1101 733 portarum
1130 697 1328 726 aeternarum

243 741 396 773 Nostrum
420 740 457 772 fit
482 741 642 783 viaticum,
921 741 1037 773 Patens
1063 743 1105 772 sit
1126 740 1290 780 ingressio.

194 787 389 820 Resonemus
414 790 448 819 et
471 789 633 819 cantemus
793 797 846 830 50.
873 796 976 828 Dulce
998 796 1118 836 lignum
1141 797 1330 828 matutinum

241 834 365 867 Novum
391 834 420 866 ei
445 835 610 877 canticum,

195 882 253 921 Qui
279 890 336 913 nos
361 880 439 914 fecit
464 883 496 912 et
519 880 634 914 refecit

243 929 305 960 Per
331 930 450 961 caelum
475 928 652 963 mirificum.

110 987 167 1019 48,
192 985 296 1016 Dulce
324 985 454 1025 lignum,
482 993 542 1024 quo
567 984 705 1024 potentis

239 1017 360 1063 &bristi
382 1034 471 1072 patet
495 1032 607 1072 gloria,

190 1078 286 1110 Suum
312 1087 442 1117 regnum
468 1079 668 1110 extendentis

236 1126 289 1157 Ad
316 1126 395 1157 caeli
421 1124 566 1165 confinia,

919 842 1021 875 Nobis
1047 844 1126 875 dans
1150 844 1302 885 laetitiae,

872 891 1004 929 Quando
1024 890 1166 922 Christus
1185 899 1276 922 mane
1295 895 1396 922 sinum

919 937 1056 977 surgens
1081 938 1195 976 pandit
1218 938 1350 980 gloriae,

872 984 961 1017 Neve
987 987 1131 1016 crescant
1156 987 1187 1015 et
1211 987 1379 1016 senescant

919 1033 1035 1064 Hostes
1057 1031 1267 1069 innocentiae,

873 1078 959 1110 Neca
988 1086 1091 1119 mane,
1123 1077 1275 1118 quidquid
1302 1087 1398 1110 sanae

921 1125 1023 1156 Nocet
1050 1125 1268 1157 conscientiae.

500 1210 654 1241 Tertia
679 1209 990 1249 Quinquagena.

114 1275 145 1307 1.
172 1276 277 1316 Salve,
306 1284 393 1314 crux,
419 1275 583 1314 pelicanus

215 1331 273 1364 per
298 1331 392 1362 quam
417 1324 612 1362 cruentatur,

167 1369 306 1402 Moritur
330 1370 527 1410 nycticorax,

213 1425 327 1456 passer
352 1417 503 1455 elevatur,

168 1463 225 1502 Qui
253 1472 312 1503 per
337 1472 411 1496 aves
436 1464 576 1504 singulas

214 1514 304 1543 recte
327 1510 492 1553 figuratur,

169 1557 314 1591 Christus
339 1567 396 1590 nos
422 1558 582 1598 exaudiat,

215 1614 285 1637 cum
310 1614 398 1637 mens
423 1605 609 1637 tribulatur.

109 1665 140 1696 2.
167 1662 272 1702 Salve,
300 1669 388 1701 crux,
416 1669 477 1701 qua
502 1661 613 1701 spinea

230 1710 318 1741 lusus
346 1712 395 1740 est
421 1716 537 1741 corona

168 1757 306 1790 Mortem
331 1759 434 1787 morte
457 1756 618 1787 redimens

215 1803 359 1836 Christus
385 1803 465 1835 hora
489 1812 584 1843 nona,

167 1852 226 1891 Qui
250 1859 385 1883 coronae
411 1851 545 1882 contulit

216 1899 311 1939 digne
334 1897 426 1930 nobis
451 1898 544 1938 dona,

168 1946 270 1978 Deum
296 1953 423 1985 semper
448 1945 554 1977 anima

215 1992 383 2026 benedicat
407 2002 520 2033 prona.

107 2052 139 2084 3.
167 2051 272 2094 Salve,
299 2059 388 2091 crux,
413 2059 477 2090 qua
500 2050 629 2082 luminis

218 2098 355 2130 vestiens
383 2097 528 2131 decorem

169 2146 265 2178 Suum
292 2145 339 2177 sol
365 2145 568 2178 subtraxerat

215 2192 363 2225 occidens
388 2193 602 2235 splendorem,

168 2241 232 2273 Per
256 2249 402 2272 oceasum
422 2240 563 2273 vestiens

217 2289 321 2320 lucem
346 2288 516 2321 clariorem

169 2338 287 2369 Verum
314 2336 361 2367 sol
387 2336 530 2368 iustitiae

215 2384 307 2415 nobis
335 2383 390 2415 det
414 2382 581 2423 fulgorem.

789 1276 821 1307 4.
848 1274 951 1318 Salve,
980 1283 1066 1314 crux,
1094 1283 1155 1314 qua
1178 1274 1237 1306 fflii

895 1322 990 1355 Iacob
1016 1322 1202 1364 liberantur,

850 1368 925 1401 Cum
954 1369 1062 1400 decem
1088 1368 1240 1409 Aegyptii

896 1416 999 1458 plagis
1026 1416 1215 1455 cruciantur,

850 1460 912 1503 Qui
937 1472 996 1503 per
1023 1472 1148 1495 crucem
1173 1462 1283 1504 spoliis

896 1511 1036 1551 Aegypti
1061 1511 1220 1552 dotantur,

848 1558 911 1589 Per
936 1559 1067 1590 eandem
1093 1558 1212 1598 gloriae

897 1608 1015 1637 terram
1040 1605 1224 1637 sortiantur,

815 1685 823 1692 .
849 1661 955 1703 Salve,
982 1671 1069 1703 crux,
1096 1670 1177 1702 quae
1200 1661 1315 1693 liberat

897 1718 954 1741 nos
978 1710 1011 1741 in
1037 1710 1133 1742 rubro
1158 1709 1250 1749 mari,

849 1756 907 1795 Qui
933 1756 1067 1789 rubente
1091 1757 1243 1796 sanguine

898 1802 975 1835 facit
999 1812 1056 1836 nos
1082 1804 1210 1845 salvari,

849 1852 908 1890 Qui
934 1851 1125 1892 baptismum
1151 1850 1295 1883 rubricat

898 1907 991 1931 cruce
1015 1899 1157 1936 salutari,

849 1945 886 1978 In
913 1948 944 1977 te
968 1946 1085 1979 nostris
1108 1945 1192 1978 vitiis

898 1993 994 2026 donet
1016 1992 1212 2034 naufragari.

817 2076 824 2084 .
850 2049 956 2093 Salve,
983 2059 1071 2091 crux,
1097 2051 1131 2082 in
1157 2051 1306 2089 quattuor

896 2097 1041 2138 partibus
1067 2099 1159 2142 elata,

851 2144 919 2184 Qua
942 2149 1015 2177 sunt
1039 2146 1149 2178 mundi
1176 2145 1305 2177 climata

899 2195 1047 2234 quattuor
1071 2193 1203 2235 salvata,

852 2241 914 2273 Per
937 2243 970 2272 te
994 2241 1037 2272 sit
1059 2240 1233 2272 necessitas

898 2288 1098 2329 quadruplex
1121 2290 1244 2330 sanata,

852 2336 970 2367 Anima
994 2335 1164 2369 virtutibus

899 2385 1048 2423 quattuor
1073 2384 1238 2423 quadrata.
