1650 2612
208 240 262 273 37.

207 458 262 490 38.

207 675 262 708 39.

205 893 262 924 40.

204 1109 260 1143 41.

201 1328 256 1359 42.

201 1543 257 1579 43.

720 148 977 182 -265—

289 240 369 278 Ave,
397 242 476 273 caeli
502 243 665 284 serenitas,

290 288 338 319 Tu
361 288 452 320 nobis
476 299 552 322 vera
575 291 704 332 sanitas,

289 334 341 366 Da
365 344 474 375 pacem
499 338 615 369 nostris
637 338 769 378 ossibuS,

289 383 463 415 Victoriam
488 384 527 416 ab
553 385 704 418 hostibus.

288 458 368 498 Ave,
394 461 506 499 mater,
534 463 568 491 tu
595 461 725 500 dignare

288 505 364 536 Vias
389 515 474 538 meas
500 515 697 547 conservare,

288 551 338 583 Ne
365 553 543 593 delinquam
568 563 623 586 ore
646 564 725 593 meo,

290 598 353 631 Sed
381 600 450 632 dem
472 601 583 633 laudes
607 602 683 634 inde
706 602 785 634 Deo.

288 675 368 714 Ave,
396 676 458 714 pia,
484 685 623 717 purgans
646 686 726 719 reOS,

287 723 412 755 Firmos
437 723 500 763 fige
524 724 622 763 pedes
646 733 742 765 meos,

288 770 373 801 Ante
397 770 500 802 Deum
526 769 578 802 fac
601 780 651 802 me
676 775 770 812 stare,

288 816 421 849 Carmen
446 827 560 849 novum
587 819 765 851 decantare.

288 893 368 934 Ave,
393 893 485 925 iustis
510 896 598 925 recta
622 895 717 937 scala,

288 939 384 972 Salva
408 949 465 972 nos
490 941 523 972 in
550 942 601 973 die
624 942 718 984 mala,

287 987 385 1026 Opem
412 986 517 1019 ferens
539 997 635 1028 super
659 989 772 1019 lectum

285 1034 331 1065 Et
355 1035 525 1066 ostendens
549 1035 611 1066 iter
635 1038 765 1067 rectum.

286 1110 365 1149 Ave,
392 1110 490 1150 sidus,
517 1111 623 1142 lumen
649 1111 777 1147 clarum.

287 1156 359 1188 Duc
382 1157 424 1188 ad
449 1156 553 1189 fontes
576 1166 633 1189 nos
651 1166 812 1198 aquarum,

284 1204 330 1236 Et
354 1213 393 1237 ex
417 1204 482 1236 illis
505 1204 551 1236 sic
575 1204 729 1245 bibamus,

284 1251 331 1283 Ut
354 1260 416 1283 non
440 1252 526 1283 ultra
550 1252 702 1286 sitiamus.

284 1328 363 1370 Ave,
390 1336 507 1367 sponsa
532 1328 598 1359 veri
621 1327 694 1368 Dei,

285 1374 431 1406 Salutare
455 1375 560 1406 vultus
585 1375 657 1414 mei,

285 1421 339 1453 Sic
365 1422 510 1454 discerne
535 1431 660 1454 causam
684 1430 795 1464 meam,

285 1470 331 1502 Ut
356 1469 389 1500 in
417 1470 511 1501 caelis
535 1472 620 1501 stare
644 1478 765 1510 queam.

288 1546 368 1582 Ave,
397 1545 515 1578 Christi
541 1553 615 1577 vera
639 1545 723 1587 vitis,

284 1593 369 1632 Quae
396 1591 505 1624 diebus
528 1592 562 1623 in
587 1592 722 1632 antiquis

285 1641 337 1672 Ita
360 1639 428 1671 Deo
453 1639 611 1680 placuisti,

286 1687 376 1726 Quod
394 1695 452 1726 per
470 1687 552 1718 hunc
564 1696 621 1718 nos
636 1686 809 1719 redemisti.

885 245 939 276 44.

884 461 938 494 45.

883 678 939 709 46.

884 894 941 926 47.

883 1110 937 1142 48.

883 1328 939 1359 49.

885 1545 940 1577 50.

967 245 1045 285 Ave,
1070 245 1245 277 sanctitatis
1269 254 1388 285 norma,

967 291 1105 332 Gignens
1128 292 1301 331 speciosum
1327 291 1438 332 forma,

965 338 1002 370 ln
1027 341 1059 370 te
1086 339 1197 371 diffusa
1220 340 1322 379 gratia

966 385 1029 417 Det
1050 386 1140 418 nobis
1166 387 1243 418 caeli
1265 386 1378 426 spatia.

964 460 1044 501 Ave,
1066 464 1206 493 nostrum
1230 460 1394 503 refugium,

965 508 1073 539 Virtus
1099 511 1130 540 et
1153 508 1351 548 adiutorium,

966 555 1059 587 Cuius
1083 554 1198 587 flumen
1222 554 1381 595 laetificet,

966 601 1065 633 Nobis
1090 611 1215 642 semper
1238 602 1405 634 inhabitet.

966 678 1043 719 Ave,
1071 686 1142 709 rosa
1167 681 1242 709 nata
1266 686 1348 718 vere,

965 724 1079 756 Omnes
1104 728 1211 765 gentes
1236 723 1288 756 fac
1312 725 1458 765 gaudere,

966 770 1078 811 Corde,
1103 780 1180 803 voce
1204 772 1250 803 sic
1273 772 1454 812 psallamus,

965 818 1010 851 Ut
1033 818 1075 849 ad
1093 819 1194 850 Deum
1218 819 1441 859 pertingamus.

965 894 1045 934 Ave,
1071 902 1192 933 gemma
1217 894 1370 926 mirabilis

965 940 1008 972 Et
1032 949 1051 971 a
1077 942 1195 972 cunctis
1219 941 1398 980 laudabiliS,

966 987 1057 1019 Nunc
1081 989 1113 1019 in
1141 988 1268 1019 civitate
1292 987 1352 1019 Dei

965 1034 1088 1065 Memor
1113 1038 1179 1066 esto
1201 1043 1324 1074 semper
1349 1034 1419 1068 mei.

964 1109 1043 1148 Ave,
1068 1112 1179 1149 mater,
1205 1112 1237 1141 te
1262 1109 1413 1150 clamabo,

964 1156 1082 1187 Aurem
1107 1157 1166 1188 tibi
1190 1157 1358 1197 inclinabo,

965 1202 998 1234 Si
1022 1211 1072 1234 me
1097 1204 1198 1245 audis,
1225 1213 1279 1235 cur
1302 1202 1441 1235 timebo?

964 1250 1001 1282 In
1026 1249 1149 1283 inferno
1171 1260 1234 1282 non
1254 1251 1396 1283 manebo.

965 1326 1044 1365 Ave,
1070 1325 1176 1358 David
1201 1327 1376 1366 progenies,

965 1373 1060 1405 Cuius
1085 1382 1123 1405 ex
1148 1373 1223 1406 Sion
1248 1374 1379 1413 species,

963 1421 1017 1452 Ad
1041 1423 1075 1451 te
1098 1423 1230 1452 matrem
1256 1419 1411 1461 confugio,

964 1467 1009 1500 Ut
1032 1476 1082 1498 me
1105 1469 1213 1500 trahas
1240 1468 1279 1500 de
1303 1468 1437 1502 Iericho.

967 1545 1046 1583 Ave,
1072 1546 1182 1584 mater,
1210 1544 1289 1576 cella
1312 1543 1382 1586 Dei,

961 1590 1125 1633 Miserere,
1151 1600 1274 1631 precor,
1299 1591 1361 1622 mei

961 1638 1005 1670 Et
1029 1638 1163 1679 impetra
1185 1648 1205 1670 a
1229 1637 1293 1670 filio

964 1685 1009 1718 Ut
1029 1694 1079 1716 me
1103 1688 1251 1726 aspergat
1274 1686 1404 1725 hysopo.

566 1771 759 1804 Secunda
793 1772 1108 1811 Quinquagena.

251 1865 258 1872 .
284 1840 364 1876 Ave,
390 1837 551 1871 odorifera

284 1887 376 1920 Oliva
400 1885 577 1928 fructifera,

282 1935 320 1967 In
347 1935 438 1967 domo
462 1934 526 1966 Dei
549 1934 664 1974 iugiter

282 1982 350 2014 Fac
373 1991 431 2014 nos
456 1981 595 2022 gaudere
619 1981 750 2021 pariter.

250 2084 257 2092 .
284 2060 363 2096 Ave,
390 2061 425 2090 tu
449 2060 551 2090 mater
576 2057 722 2099 omnium,

285 2108 349 2140 Ora
372 2115 430 2147 pro
455 2105 547 2137 nobis
571 2104 751 2145 Dominum,

283 2155 330 2188 Ut
351 2163 448 2194 super
472 2162 529 2185 nos
554 2152 706 2192 respiciat

282 2203 326 2235 Et
351 2202 547 2242 requirentes
573 2200 692 2233 audiat.

282 2280 363 2322 Ave,
390 2279 526 2310 caeleste
549 2277 661 2317 lilium,

281 2328 344 2360 Pro
369 2326 461 2359 nobis
487 2335 543 2358 ora
566 2323 676 2365 filium,

282 2376 329 2409 Ut
353 2383 409 2407 nos
434 2374 466 2406 in
492 2376 545 2405 tuo
570 2371 697 2404 nomine

282 2423 392 2455 Salvet
415 2422 454 2454 ab
481 2421 565 2454 omni
592 2420 752 2453 daemone.

906 1840 938 1870 4.

964 1838 1044 1877 Ave,
1070 1839 1138 1869 sine
1161 1838 1294 1877 macula,

963 1883 1065 1917 Aufer
1088 1895 1107 1917 a
1130 1894 1180 1916 me
1203 1885 1318 1925 iacula,

962 1932 1045 1964 Nam
1068 1935 1223 1964 venerunt
1246 1941 1341 1972 super
1364 1941 1415 1964 me

965 1980 1169 2012 Peccatorum
1192 1979 1351 2013 tenebrae.

931 2083 937 2089 .
965 2056 1068 2094 Salve,
1094 2057 1182 2097 virgo
1209 2054 1362 2096 Galilaea,

964 2104 1045 2136 Tota
1070 2103 1121 2136 die
1144 2104 1243 2135 verba
1262 2112 1333 2135 mea

964 2152 1157 2183 Exsecratur
1181 2152 1272 2183 homo
1296 2151 1407 2191 maluS,

964 2198 1035 2231 Nisi
1060 2207 1118 2238 per
1142 2201 1174 2230 te
1197 2198 1255 2230 fiat
1278 2199 1374 2232 saluS.

963 2276 1041 2317 Ave,
1067 2276 1165 2315 stirps
1189 2273 1347 2317 florigera,

961 2323 1010 2354 Tu
1034 2331 1083 2354 me
1109 2332 1234 2363 semper
1257 2322 1367 2363 libera,

962 2370 1013 2402 Ab
1039 2370 1099 2412 his,
1126 2371 1178 2411 qui
1203 2369 1331 2402 fodiunt
1354 2368 1488 2409 foveam,

960 2418 1005 2451 Ut
1028 2418 1091 2458 ipsi
1116 2419 1233 2451 cadant
1255 2418 1288 2449 in
1314 2426 1392 2450 eam.
