1650 2612
188 206 243 239 41.

185 591 241 622 42.

182 975 236 1007 43.

181 1360 236 1391 44.

179 1746 233 1777 45.

175 2221 206 2253 1.
233 2221 334 2253 Dulce
357 2219 484 2260 lignum,
510 2217 605 2249 laude
628 2217 765 2257 dignum,

706 111 940 148 *16-

270 208 350 246 Ave,
376 206 511 247 quinque
534 205 667 238 fontium

317 253 395 286 rivis
420 253 578 291 decorata,

272 300 414 341 Quinque
440 299 559 331 Christi
582 299 745 331 vulnerum

316 348 468 388 sanguine
492 348 625 386 sacrata,

269 394 370 434 Aquis
393 394 504 426 horum
529 391 662 424 fontium

315 443 424 473 nostra
447 448 535 472 mens
559 442 669 479 potata

271 485 413 520 Caritate
436 486 525 517 sitiat

316 533 434 566 Christi
460 533 634 565 vulnerata.

268 591 347 630 Ave,
373 590 460 622 cuius
484 588 618 620 hostiam

315 637 471 669 credimus
497 636 606 668 venire

267 683 448 716 Sacerdotis
473 681 620 722 precibus

311 731 345 762 in
370 731 469 763 altare
493 729 582 769 mire,

266 778 348 817 Quos
372 776 466 810 altari
490 776 641 808 Dominus

311 833 368 856 suo
393 823 461 857 vult
487 823 617 863 servire,

264 871 317 903 Ad
342 871 443 903 altare
466 870 585 909 gloriae

313 918 408 949 donet
430 917 572 949 introire.

263 975 341 1014 Ave,
370 973 518 1005 liberatio

309 1021 419 1060 populi
443 1020 611 1060 credentis,

263 1068 333 1099 Non
359 1076 434 1099 arcu
459 1066 510 1098 vel
533 1066 638 1106 gladio

307 1123 362 1146 suo
388 1112 583 1152 confidentis,

261 1162 342 1201 Quos
368 1161 472 1193 adhuc
496 1158 626 1192 afflictio

307 1208 424 1248 premit
445 1215 563 1246 pravae
588 1206 697 1248 gentis,

261 1255 323 1287 Per
346 1257 379 1286 te
402 1254 503 1286 salvet
529 1253 659 1285 dextera

310 1302 428 1335 Christi
451 1300 653 1340 resurgentis.

262 1359 342 1398 Ave,
367 1366 426 1398 per
450 1366 543 1396 quam
569 1356 666 1387 vestis
692 1358 740 1387 est

308 1405 416 1444 sponsi
440 1403 597 1444 redimita,

259 1453 381 1492 Murra,
407 1453 505 1491 gutta,
534 1449 634 1481 cassia

308 1499 384 1530 satis
408 1497 567 1538 insignita,

261 1546 384 1586 Sponsa
408 1552 529 1585 quoque
553 1542 692 1575 vestibus

306 1592 403 1625 variis
429 1591 542 1624 vestita

261 1641 406 1681 Domum,
432 1640 565 1679 patrem,
591 1637 742 1676 populum

306 1695 365 1726 per
389 1689 421 1718 te
445 1685 488 1716 sit
512 1684 621 1716 oblita.

259 1745 338 1782 Ave,
364 1752 422 1783 per
445 1750 538 1781 quam
562 1741 698 1780 impetus

308 1790 443 1830 duplicis
468 1789 598 1828 liquoris

259 1836 394 1870 Effluxit
420 1836 459 1868 de
483 1836 584 1867 latere

305 1885 404 1916 nostri
430 1883 609 1921 salvatoris,

259 1931 367 1963 Virtus
392 1937 492 1970 aquae
520 1929 620 1960 diluat

304 1977 414 2009 sordes
438 1975 625 2015 peccatoris,

258 2024 464 2056 Sanctitatem
490 2021 632 2053 conferat

304 2070 454 2103 sanctitas
480 2069 609 2100 cruoris,

862 208 918 240 46.

857 590 915 622 47.

854 973 908 1006 48.

853 1357 908 1389 49.

853 1742 907 1774 50.

944 209 1023 248 Ave,
1051 209 1137 240 cuius
1162 208 1300 241 brachiis

987 254 1116 286 humilis
1140 255 1304 295 pependit,

942 300 1002 339 Qui
1026 301 1153 333 virtutis
1179 301 1343 333 brachium

987 347 1110 388 longius
1137 348 1290 388 extendit,

941 394 1000 432 Qui
1026 395 1159 426 salutem
1183 394 1326 426 omnibus

986 441 1130 480 gentibus
1153 441 1320 481 impendit,

939 486 1040 519 Nobis
1063 488 1118 519 det
1142 489 1315 520 ascendere

987 534 1118 576 caelum,
1145 536 1230 574 quod
1254 535 1409 568 ascendit,

941 591 1021 629 Ave,
1047 591 1319 630 propugnaculum

986 640 1113 669 sanotae
1138 637 1286 679 civitatis,

938 684 1036 723 Quam
1061 682 1208 716 fundavit
1229 685 1331 724 pietas

987 739 1126 763 summae
1149 731 1334 769 maiestatis,

937 777 1023 809 Loco
1051 787 1108 810 nos
1132 778 1286 817 suscipiat

985 833 1082 856 verae
1101 825 1273 864 voluptatis

936 870 1107 910 Susceptus
1132 872 1165 903 in
1188 872 1294 904 medio

982 921 1109 950 nostrae
1135 918 1280 951 vilitatis.

934 974 1014 1015 Ave,
1042 974 1111 1006 Deo
1136 975 1273 1014 pretium

981 1021 1106 1053 solvens
1131 1021 1319 1063 animarum⁷

936 1070 1020 1109 Quas
1044 1068 1221 1100 horrendus
1241 1069 1343 1100 tenuit

981 1116 1068 1147 locus
1093 1115 1304 1156 tenebrarum,

934 1162 1020 1202 Iugis
1045 1161 1211 1194 meditatio

982 1209 1091 1240 talium
1116 1217 1287 1248 poenarum

934 1255 1000 1287 Nos
1026 1255 1134 1287 trahat
1157 1255 1197 1287 ab
1223 1255 1342 1287 ambitu

980 1310 1086 1333 rerum
1108 1304 1317 1336 terrenarum.

934 1358 1012 1400 Ave,
1039 1357 1110 1389 finis
1134 1357 1247 1390 finiens

981 1405 1060 1445 legis
1083 1407 1281 1448 vetustatem,

935 1451 1044 1483 Novae
1068 1451 1159 1483 nobis
1185 1451 1352 1484 conferens

980 1499 1065 1530 vitae
1088 1499 1272 1539 novitatem,

932 1545 1071 1577 Nostrae
1094 1545 1198 1577 laudis
1223 1555 1341 1586 organo

981 1592 1076 1624 donet
1100 1593 1282 1633 puritatem,

934 1638 994 1677 Qui
1016 1639 1088 1678 plus
1113 1639 1208 1671 laude
1235 1640 1339 1681 diligit

979 1695 1091 1726 puram
1115 1687 1317 1720 voluntatem.

934 1744 1013 1784 Ave,
1039 1743 1199 1775 miseratio

978 1798 1055 1820 vera
1079 1789 1278 1831 miserorum,

933 1837 1000 1875 Qua
1025 1835 1086 1866 fuit
1109 1836 1257 1868 miseriae

977 1883 1124 1913 misertus
1149 1883 1314 1926 malorum,

931 1929 997 1961 Nos
1022 1938 1041 1960 a
1064 1929 1266 1961 multitudine

975 1975 1106 2007 mundet
1131 1976 1280 2008 vitiorum

929 2022 1084 2054 Mundum
1108 2023 1263 2055 mundans
1289 2026 1442 2065 sanguine

975 2070 1141 2101 vulnerum
1165 2079 1302 2106 suorum.

539 2151 736 2184 Secunda
761 2151 1077 2193 Quinquagena.

278 2267 382 2307 Digna
402 2265 508 2297 ferens
532 2264 684 2305 pondera,

230 2315 267 2346 In
292 2323 354 2354 qua
378 2312 496 2346 Christi
520 2312 614 2352 plaga
637 2312 721 2343 tristi

278 2361 358 2394 Sunt
382 2358 505 2393 confixa
529 2359 661 2399 viscera,

906 2218 959 2251 Sic
983 2221 1109 2250 arescat
1132 2221 1165 2250 et
1188 2225 1333 2254 senescat

953 2266 1015 2298 Per
1038 2268 1071 2297 te
1095 2269 1185 2298 vetus
1209 2267 1340 2310 hedera,

904 2312 950 2345 Ut
973 2313 1014 2344 sit
1038 2313 1130 2345 homo
1154 2313 1217 2345 Dei
1243 2315 1335 2348 domo

952 2360 1042 2392 Oliva
1066 2359 1243 2395 fructifera.
