1650 2612
241 207 292 238 19.

240 608 294 640 20.

237 1008 292 1042 21.

237 1412 292 1443 22.

235 1814 290 1846 23.

230 2217 284 2249 24.

744 112 999 147 —250—

319 207 396 243 Ave,
423 205 582 236 scandens
601 206 708 237 sidera

368 252 518 293 gradibus
541 253 702 292 virtutum,

321 300 397 332 Post
421 302 454 329 te
479 299 594 330 ducens
619 299 767 338 populum

366 347 444 378 duce
469 346 663 387 destitutum,

322 394 466 425 Clamant
488 392 550 431 hic,
577 401 594 422 o
621 392 762 423 domina:

366 440 428 471 iter
451 447 512 469 non
538 442 586 469 est
609 441 719 476 tutum,

319 486 390 517 Nisi
417 486 560 516 dextram
584 486 728 525 porrigat

362 534 487 565 vertens
512 532 553 563 ad
576 541 634 563 nos
655 533 784 565 vultum.

321 608 399 645 Ave,
426 606 535 638 videns
561 607 690 638 caelitus

365 663 422 686 nos
447 654 500 684 hic
523 654 707 695 oppugnari,

317 701 355 732 In
379 701 504 732 saeculo
528 701 662 740 petimus

367 747 495 779 caelitus
518 748 631 787 iuvari,

317 794 382 825 Soli
407 803 540 833 namque
563 796 720 834 nequeunt

361 842 395 872 in
419 841 471 873 via
496 843 639 881 cremari,

315 887 374 926 Qui
397 889 429 919 in
455 891 507 919 tuo
531 889 657 919 nomine

362 936 466 966 sciunt
488 935 648 974 proeliari.

316 1011 395 1049 Ave,
420 1008 603 1041 indeficiens

365 1056 480 1088 iubilus
504 1056 667 1094 iustorum,

318 1102 377 1140 Qui
402 1103 562 1135 exsultant
582 1103 614 1133 in
639 1106 726 1133 terra

366 1150 406 1180 de
429 1157 486 1188 spe
510 1148 695 1189 futurorum,

315 1196 403 1234 Quod
427 1194 569 1234 profecto
596 1196 721 1227 venient

363 1243 404 1274 ad
428 1241 530 1274 Deum
557 1243 684 1274 deorum

317 1289 378 1320 Per
402 1289 551 1321 virtutum
576 1298 673 1328 opera

361 1339 454 1375 atque
477 1336 669 1368 meritorum.

317 1411 395 1454 Ave,
421 1410 529 1441 mundi
555 1410 689 1452 domma,

364 1458 412 1488 cui
435 1456 632 1498 famulamur,

317 1503 446 1542 Quando
468 1512 525 1535 nos
549 1513 607 1543 pro
632 1505 752 1535 meritis

361 1551 443 1583 iuste
463 1549 667 1591 flagellamur,

313 1598 387 1629 Tibi
409 1606 529 1629 summe
553 1598 733 1640 clamamus,

359 1647 395 1676 ut
417 1653 479 1676 non
504 1644 692 1685 occidamur,

313 1692 418 1723 Morte
443 1691 529 1731 digni
552 1692 676 1731 penitus

359 1747 418 1778 per
441 1741 473 1768 te
497 1741 707 1779 protegamur.

315 1814 394 1855 Ave,
419 1812 509 1845 nobis
534 1814 697 1853 porrigens

358 1869 482 1892 manum
508 1860 547 1891 de
572 1861 706 1900 excelso,

312 1908 367 1948 Qui
391 1908 423 1939 in
449 1910 563 1946 quanto
588 1909 756 1948 mergimur

358 1955 424 1986 luto
449 1955 663 1995 praeexcelso,

312 2001 373 2033 Sed
400 2009 467 2042 nos,
493 2004 602 2039 mater,
628 2001 729 2033 abluis

360 2049 510 2080 daemone
533 2048 694 2080 submerso

310 2095 353 2126 Et
378 2095 411 2126 in
435 2095 552 2127 sanctis
575 2096 714 2127 lacrimis

356 2141 482 2183 penitus
505 2142 661 2177 11111110130.

310 2218 401 2261 Ave,¹
415 2225 503 2248 mons
528 2218 688 2249 altissimis

358 2263 490 2296 collibus
515 2265 648 2297 vallatus

310 2312 354 2343 Et
377 2312 411 2343 in
434 2314 522 2343 sexto
548 2313 688 2351 quolibet

360 2358 487 2391 fortiter
509 2357 661 2403 firmatus,

909 423 964 453 25.

906 824 959 855 26.

904 1226 957 1257 27.

904 1628 958 1659 28.

901 2033 955 2064 29.

990 207 1038 238 Sit
1062 205 1186 237 excelsa
1212 205 1336 236 domina

1037 262 1093 292 per
1117 255 1150 282 te
1173 252 1221 283 sic
1243 250 1431 291 flammatus,

989 300 1076 338 Quod
1104 299 1236 330 excelsis
1260 298 1418 329 montibus

1036 346 1079 377 sit
1102 345 1303 377 assimilatus.

987 422 1066 462 Ave,
1092 422 1193 452 mater
1218 419 1348 450 obvians

1034 467 1151 498 scalam
1175 466 1368 506 ascendenti,

988 515 1025 547 In
1051 514 1110 545 11οο
1134 513 1235 553 gradu
1259 513 1393 552 septimo

1034 562 1076 592 ad
1102 563 1132 590 te
1156 560 1338 598 revertenti,

987 607 1091 639 Laxas
1118 610 1225 638 austro
1251 606 1400 647 frigidum

1034 656 1067 686 in
1091 662 1125 685 se
1149 653 1339 693 frigescenti,

987 702 1030 733 Ut
1056 703 1098 733 sit
1122 704 1205 732 totus
1229 701 1338 741 igneus

1032 758 1052 780 a
1075 749 1143 780 Deo
1169 748 1298 780 creanti.

987 825 1065 866 Ave,
1091 831 1199 854 mensa
1223 823 1351 855 Domini

1034 870 1155 902 deliciis
1179 870 1284 913 plena,

985 917 1081 958 Ecce,
1105 916 1164 947 tibi
1186 916 1293 948 obviat

1032 972 1115 995 nunc
1139 963 1216 994 haec
1240 963 1330 1002 plebs
1356 971 1463 1003 egena,

987 1010 1146 1042 Christum
1170 1019 1240 1042 cum
1265 1011 1440 1050 gustaverit

1033 1056 1115 1089 facie
1138 1065 1258 1098 serena,

985 1104 1022 1135 In
1047 1107 1157 1135 octavo
1181 1104 1293 1135 redeat

1032 1151 1073 1182 ad
1097 1159 1234 1190 superna
1257 1159 1364 1190 regna.

985 1226 1063 1264 Ave,
1089 1226 1198 1256 nostra
1222 1225 1324 1264 gloria

1033 1274 1065 1303 et
1087 1271 1261 1309 beatitudo,

984 1318 1073 1351 Uxor
1097 1319 1169 1357 agni
1195 1318 1315 1358 caelici,

1033 1366 1118 1396 cuius
1142 1365 1345 1404 pulchritudo

985 1412 1134 1444 Videntes
1158 1412 1304 1452 inebriat,

1030 1462 1084 1490 tua
1107 1459 1284 1490 sanctitudo

982 1506 1108 1538 Mentes
1131 1511 1255 1537 nostras
1281 1506 1386 1545 capiat

1029 1556 1124 1592 atque
1146 1552 1340 1592 magnitudo.

983 1628 1063 1670 Ave,
1088 1628 1236 1667 princeps
1261 1628 1410 1668 gentium,

1031 1675 1088 1706 sub
1115 1684 1176 1714 qua
1199 1675 1381 1716 militamus,

985 1722 1208 1763 Oppugnamur
1231 1720 1367 1765 fortiter,

1030 1770 1087 1801 sed
1108 1769 1142 1800 in
1166 1771 1198 1800 te
1222 1778 1395 1812 speramus,

982 1816 1020 1847 In
1045 1817 1105 1848 hoc
1128 1816 1229 1856 gradu
1255 1817 1386 1857 decimo,

1030 1863 1114 1903 quod
1138 1863 1328 1895 subiciamus

982 1910 1156 1942 Potestates
1181 1911 1317 1942 hostium

1031 1961 1063 1989 et
1086 1958 1133 1989 sic
1156 1958 1395 1997 triumphamus

982 2033 1063 2073 Ave,
1090 2041 1170 2072 quae
1192 2042 1254 2064 non
1281 2033 1398 2065 desinis

1028 2090 1085 2112 nos
1109 2080 1162 2110 hic
1185 2080 1347 2120 adiuvare,

982 2127 1019 2158 In
1044 2128 1145 2167 gradu
1167 2127 1333 2158 undecimo

1030 2175 1173 2206 dextram
1197 2182 1323 2204 manum
1349 2174 1425 2206 dare

980 2221 1024 2252 Et
1048 2222 1088 2253 de
1111 2219 1367 2261 profundissimis

1028 2269 1083 2307 pia
1104 2267 1254 2307 liberare,

983 2315 1065 2353 Quos
1090 2314 1213 2356 peccati
1238 2312 1330 2346 fovea

1029 2361 1132 2402 coepit
1157 2361 1320 2397 devorare.
