1650 2612
217 186 271 218 14.

218 586 272 618 15.

224 987 277 1018 16.

226 1385 278 1417 17.

225 1786 278 1819 18.

222 2187 275 2218 19.

726 86 959 122 -70-

297 186 379 225 1esu‚
405 184 619 223 Babylonicae

344 232 397 272 qui
421 230 613 270 captivitatis

297 278 359 310 Hic
384 277 554 317 prophetas
580 276 716 308 reditum

343 333 401 364 per
425 323 530 355 David
555 323 686 363 pulchre
710 321 797 360 satis,

297 371 362 403 Nos
387 378 444 411 per
467 370 689 409 paenitentiam

344 417 395 448 fac
419 416 461 447 ad
487 419 518 446 te
543 415 658 450 redire,

297 464 342 496 Ut
366 471 427 495 non
452 470 577 500 semper
600 461 658 492 filii

343 517 522 541 maneamus
547 508 623 541 irae.

298 585 380 625 Iesu,
406 583 603 622 Aegyptiace.

346 632 386 662 de
410 630 593 668 captivitate

299 678 450 710 Israelem
474 676 622 714 liberans,

346 734 404 764 pro
431 732 490 763 quo
516 723 567 754 hic
590 723 701 754 iaudat
724 724 764 761 te,

301 771 367 802 Nos
394 772 501 810 captos
527 779 545 800 a
572 770 723 801 daemone

347 817 386 849 ob
411 818 519 848 nostra
542 818 673 855 peccata

299 864 500 896 Paenitentes
523 862 625 894 libera

347 910 448 950 gratia
474 910 598 941 donata.

302 985 383 1024 Iesu,
410 983 463 1023 qui
489 992 547 1023 per
570 984 754 1023 prophetam

348 1032 387 1063 de
410 1030 626 1062 incarnatione

300 1079 344 1110 Et
367 1081 421 1109 tua
444 1077 527 1107 inter
548 1077 688 1108 homines

350 1123 585 1155 conversatione

304 1170 465 1202 Praedicis
491 1172 522 1200 et
545 1171 728 1209 mysterium

348 1218 475 1248 sanctae
499 1215 659 1257 trinitatis,

303 1263 457 1295 Miserere
480 1263 603 1293 miseris

350 1318 436 1349 spem
464 1309 541 1340 dans
568 1309 752 1348 desperatis,

305 1385 391 1424 Jesu‚
418 1383 471 1423 qui
495 1384 648 1415 scandens
674 1384 792 1415 caelum

348 1434 421 1469 post
445 1431 705 1461 resurrectionem

302 1476 479 1509 Promisisti
502 1477 632 1516 spiritus

348 1524 448 1555 sancti
472 1524 650 1554 missionem

301 1570 373 1609 Hic,
399 1572 435 1602 ut
458 1570 499 1601 ad
522 1570 677 1609 Ephesios

352 1617 512 1656 apostolus
537 1617 686 1659 ostendit,

304 1664 429 1695 Perduc
452 1672 507 1694 nos
533 1664 573 1695 ad
598 1672 740 1702 superos,

350 1719 410 1750 quo
434 1718 521 1741 mens
545 1713 655 1743 nostra
678 1711 790 1742 tendit.

304 1785 386 1825 Iesu,
412 1785 465 1825 qui
488 1784 673 1817 Iudaeorum

350 1833 389 1864 de
413 1832 576 1872 punitione

302 1879 364 1910 Per
388 1879 494 1911 David
518 1879 571 1910 hic
594 1880 731 1918 loqueris

349 1928 381 1956 et
404 1928 458 1957 tua
481 1925 637 1966 passione,

303 1972 361 2010 Qui
387 1976 419 2003 et
442 1973 527 2002 tuam
551 1972 673 2003 cantico

347 2017 526 2059 magnificat
549 2019 686 2058 laudem,

302 2065 438 2096 Vincere
462 2073 518 2095 nos
542 2063 641 2096 facias

349 2112 555 2150 malignorum
580 2110 735 2144 fraudem.

301 2186 382 2225 Iesu,
409 2186 462 2226 qui
486 2186 577 2219 huius
602 2187 715 2225 psalmi

348 2232 537 2273 principium
563 2234 683 2264 cantari

301 2280 337 2312 In
364 2279 449 2312 horis
473 2280 679 2318 praevideras

348 2336 406 2366 per
429 2326 535 2358 David
561 2326 689 2358 liberari

890 397 945 428 20.

893 798 947 830 21.

892 1199 946 1230 22.

892 1601 948 1632 23.

895 2002 950 2032 24.

1152 45 1173 57 a?

969 180 1128 212 Petentem
1155 188 1173 211 a
1197 176 1357 219 periculis,

1014 229 1141 258 nostrae
1164 234 1237 265 spes
1262 223 1357 256 saluti

970 273 1029 315 Sis,
1057 282 1125 304 cum
1150 273 1222 312 iugo
1248 270 1420 311 premimur

1018 320 1106 351 dirae
1130 318 1302 350 servitutis.

971 395 1053 433 Iesu,
1081 394 1161 424 sicut
1186 393 1291 425 David
1314 400 1372 423 rex

1017 441 1134 480 allegat
1158 440 1297 471 rationes

970 488 1081 519 Plures
1106 486 1339 527 gratiarumque

1018 533 1125 565 reddit
1146 533 1297 571 actiones,

970 580 1015 613 Ut
1038 581 1143 612 salvus
1165 580 1198 611 in
1223 579 1372 619 periculis

1017 628 1068 669 sit,
1094 627 1140 658 sic
1164 627 1254 658 nobis
1278 627 1360 658 dona

971 673 1084 706 Grates
1109 674 1168 705 tibi
1193 674 1329 705 reddere

1018 724 1121 752 mente
1146 729 1272 760 semper
1295 721 1388 752 bona.

972 796 1055 837 Iesu,
1082 796 1132 827 cui
1158 795 1304 827 deferunt

1018 846 1083 874 tres
1105 843 1146 874 ab
1173 843 1294 874 oriente

971 889 1059 929 Magi
1082 889 1146 921 tria
1169 898 1300 920 munera

1017 936 1110 967 stella
1134 936 1355 975 praecedente,

970 984 1038 1015 Fac
1060 991 1117 1014 nos
1143 983 1189 1014 sic
1215 981 1383 1021 dispositos

1018 1030 1120 1070 gratia
1147 1030 1273 1070 donat-a,

972 1077 1016 1109 Ut
1042 1078 1073 1107 et
1096 1079 1205 1107 nostra
1229 1084 1359 1107 munera

1016 1122 1094 1154 fiant
1117 1123 1177 1154 tibi
1202 1126 1301 1163 grata.

973 1197 1054 1238 Iesu,
1080 1197 1282 1236 providentia

1019 1244 1059 1275 ab
1083 1244 1194 1283 Asaph
1219 1244 1272 1274 hic
1295 1245 1422 1275 ostensa

973 1292 1003 1323 A
1028 1289 1090 1321 fine
1115 1293 1163 1321 est
1187 1293 1219 1321 et
1243 1290 1284 1321 ad
1309 1288 1386 1321 fines

1020 1336 1146 1368 fortiter
1171 1340 1301 1368 extensa

973 1384 1177 1423 Disponentis
1202 1384 1307 1415 omnia

1020 1433 1108 1461 recte
1131 1433 1195 1461 tam
1219 1431 1372 1462 malorum

973 1477 1081 1516 Quoad
1105 1486 1248 1518 poenam,
1275 1477 1368 1508 etiam

1019 1524 1193 1563 praemium
1216 1524 1377 1556 bonorum.

972 1598 1055 1638 Iesu,
1082 1599 1278 1639 Babylonica

1022 1646 1061 1677 de
1087 1646 1271 1685 captivitate

974 1692 1188 1725 Liberandum
1211 1694 1362 1733 populum

1019 1740 1131 1779 Asaph
1155 1741 1237 1779 petit
1260 1750 1279 1771 a
1305 1745 1345 1781 te,

975 1786 1106 1826 Quaeso,
1132 1787 1184 1827 pie
1208 1787 1353 1828 Domine,

1020 1835 1056 1863 ut
1078 1842 1142 1865 non
1167 1834 1322 1872 captivari

974 1878 1065 1910 Sinas
1089 1889 1146 1910 nos
1168 1889 1230 1911 nec
1255 1880 1414 1912 daemonis

1021 1925 1092 1957 doio
1119 1925 1312 1959 defraudari.

975 2001 1056 2043 Iesu,
1085 2002 1132 2031 cui
1158 2003 1278 2033 reversi

1023 2047 1063 2078 de
1088 2048 1273 2087 captivitate

975 2093 1028 2133 Et,
1054 2094 1137 2133 quod
1162 2095 1354 2127 adversariis

1020 2148 1142 2179 poenae
1166 2145 1239 2173 sunt
1263 2143 1381 2184 illatae,

974 2186 1069 2218 Multi
1093 2190 1198 2227 grates
1221 2188 1374 2230 referunt,

1021 2233 1067 2264 sic
1092 2242 1162 2265 cum
1186 2236 1392 2277 paenitemus,

975 2280 1004 2311 A
1029 2281 1168 2319 peccatis
1193 2282 1305 2324 libera,

1020 2325 1081 2370 fac,
1107 2330 1142 2358 ut
1165 2329 1263 2367 gratis
1288 2330 1406 2364 demus.
