1650 2612
729 99 985 134 -130—

224 196 279 227 45.
306 196 386 236 Ave,
413 203 493 237 rosa,
522 194 593 225 dum
619 194 745 226 audires

307 242 464 275 Universa
488 249 526 272 ac
549 241 628 271 haec
651 241 749 272 scires

353 288 518 320 Accidisse
541 286 616 328 filio,

307 335 517 374 Supergressa
541 336 675 364 matrum
699 341 816 364 morem

306 380 526 421 Deplangebas
552 383 638 411 tuum
663 378 782 421 florem,

354 426 550 460 Condolebas
573 426 650 459 lili0.

227 494 282 525 46.
308 493 385 536 Ave,
412 501 486 524 rosa
509 492 632 531 pallens
658 492 711 535 ibi,

308 540 384 572 Cum
409 541 551 579 portaret
576 547 698 570 crucem
724 538 785 570 sibi

353 586 407 618 Ad
430 585 533 616 locum
559 585 733 628 Calvariae,

309 634 402 665 Hune
413 634 579 671 sequentes
593 641 661 663 cum
674 633 828 673 lugerent,

305 679 494 711 Moriturum
521 687 588 709 cum
616 678 767 711 deflerent

352 726 553 758 Hierusalem
577 725 672 759 filiae.

227 792 284 823 47.
310 793 387 834 Ave,
414 800 495 833 rosa,
523 799 591 822 cum
618 791 742 822 videres

309 838 570 878 Complangentes
594 839 740 869 mulieres

353 884 463 916 Tantis
487 885 518 915 in
546 884 714 927 doloribus,

307 931 426 972 Novus,
453 939 535 967 reor,
560 934 592 962 et
613 932 782 962 immensus

307 978 357 1010 Ex
382 978 441 1010 hoc
467 977 556 1009 dolor
581 981 628 1009 est
651 984 800 1009 accensus

354 1025 430 1056 Tuis
455 1025 487 1055 in
514 1024 696 1057 visceribus.

897 195 954 227 48.
978 195 1057 237 Ave,
1084 202 1165 235 rosa,
1193 195 1267 226 dum
1291 197 1457 234 sequentes

979 240 1165 272 Deterreret
1186 249 1222 272 se
1246 240 1399 273 deflentes

1026 287 1225 318 Hierusalem
1248 287 1341 328 filia-5,

981 333 1114 365 Planctu
1140 334 1219 366 miro
1244 338 1377 366 matrem
1401 334 1501 377 novit,

981 381 1077 412 Vultu
1103 379 1219 412 blando
1244 384 1275 413 te
1299 380 1417 413 refovit

1026 427 1171 459 Flentem
1196 428 1280 459 inter
1304 429 1394 460 alias.

945 517 953 523 .
978 493 1057 533 Ave,
1084 500 1166 534 rosa,
1192 493 1239 524 sic
1261 493 1431 533 languebat

979 538 1156 581 Fortitudo,
1183 539 1230 570 sic
1254 540 1367 572 ruebat

1026 586 1063 617 In
1087 585 1203 624 plateis
1227 587 1355 629 veritas,

981 632 1034 664 Sic
1057 640 1141 663 mors
1165 633 1275 664 mortis
1299 633 1485 665 trahebatur

979 679 1023 710 Et
1047 680 1093 710 sic
1116 679 1183 710 vita
1207 680 1397 721 calcabatur,

1029 726 1236 758 Praevalebat
1260 725 1393 761 falsitas

946 816 953 823 .
979 791 1057 834 Ave,
1086 799 1167 830 rosa,
1193 792 1240 823 sic
1264 793 1397 835 venitur,

981 838 1033 869 Sic
1057 837 1098 870 ad
1121 838 1223 869 locum
1248 839 1357 870 mortis
1375 840 1440 871 itur

1024 884 1150 924 Magnis
1175 893 1244 916 cum
1270 886 1465 927 tumultibuS‚

977 931 1028 963 Ibi
1053 931 1194 963 membra
1219 932 1297 963 clari
1323 933 1411 964 ducis

977 978 1193 1010 Acclavantur
1219 979 1304 1018 ligno
1330 980 1431 1011 crucis

1025 1024 1140 1056 Turbis
1164 1025 1399 1059 insultantibus.

609 1128 756 1159 Tertia
780 1126 1094 1167 Quinquagena.

228 1203 258 1234 1.
284 1202 363 1244 Ave,
389 1210 470 1243 rosa,
499 1210 532 1232 re
556 1200 699 1240 perfecta

286 1248 370 1280 Crux
394 1249 426 1279 in
451 1248 548 1279 altum
574 1251 622 1279 est
646 1252 762 1287 erecta,

332 1295 377 1326 Et
399 1297 474 1325 tunc
499 1295 593 1325 caelis
617 1295 712 1325 altior

282 1340 470 1380 Apparebat
494 1341 549 1372 vili
572 1343 673 1372 morte

283 1388 468 1420 Miseranda
492 1397 621 1426 prorsus
646 1391 731 1419 sorte

330 1435 421 1467 Omni
447 1434 502 1466 vili
527 1435 628 1468 vilior.

224 1502 256 1533 2.
282 1501 360 1542 Ave,
388 1508 468 1541 rosa,
497 1500 570 1530 Vide
594 1497 712 1542 florem,

281 1547 363 1578 Vide
386 1549 472 1577 tuum
497 1555 579 1577 nunc
602 1555 739 1577 amorem

327 1593 510 1625 Exaltatum
534 1593 657 1635 misere,

279 1640 371 1682 Vide,
398 1639 495 1681 virgo,
522 1639 697 1678 patefactas

280 1687 394 1718 Nudae
419 1687 521 1717 carnis
546 1689 720 1718 cataractas

327 1733 426 1772 Quino
451 1732 530 1765 ferri
553 1734 693 1767 vulnere.

222 1800 252 1831 3.
277 1799 359 1838 Ave,
386 1808 467 1840 rosa,
493 1799 543 1830 his
567 1799 600 1830 in
624 1799 716 1830 malis

279 1845 380 1877 Dolor
403 1849 474 1877 tuus
500 1847 646 1884 speclalis

325 1893 418 1924 Tanti
443 1893 526 1932 regis
552 1893 689 1932 nuditas,

278 1940 316 1971 In
343 1940 450 1971 derisu
472 1940 681 1978 pessimorum

280 1985 438 2018 Creatoris
463 1987 645 2025 angelorum

327 2033 428 2064 Tanta
452 2033 562 2063 mortis
588 2033 705 2066 vilitaS.

221 2108 252 2139 4.
277 2107 356 2149 Ave,
384 2102 464 2149 rosa,
493 2107 567 2146 quid
594 2107 727 2150 ferebas,

278 2153 360 2193 Quid
386 2153 503 2185 doloris
526 2154 692 2197 sentiebas,

324 2200 407 2231 Nato
429 2208 497 2231 cum
523 2201 695 2245 assisteres,

280 2246 465 2279 Claritatem
490 2248 536 2278 sic
559 2247 690 2290 foedari,

278 2293 332 2325 Sic
355 2294 503 2326 virtutem
527 2295 684 2326 vulnerari

327 2342 459 2374 Praesto
486 2342 558 2373 dum
584 2341 769 2382 aspiceres?

897 1203 928 1235 5.
953 1202 1031 1245 Ave,
1058 1212 1139 1244 rosa,
1166 1205 1241 1234 tunc
1265 1207 1298 1235 te
1320 1204 1383 1247 ille,

954 1249 1014 1287 Qui
1039 1250 1163 1281 dolores
1190 1250 1280 1281 dedit
1302 1251 1400 1292 mille,

1002 1296 1216 1328 Pertransivit
1236 1297 1369 1340 gladius,

955 1342 1152 1374 Saeviturum
1177 1352 1268 1382 quem
1292 1345 1432 1387 notabat,

957 1389 1025 1420 Vim
1053 1389 1170 1421 doloris
1196 1399 1255 1429 quo
1280 1391 1434 1435 signabat,

1001 1436 1128 1468 Simeon
1151 1438 1368 1475 praenuntius.

919 1528 927 1535 .
952 1502 1033 1542 Ave,
1058 1511 1140 1542 rosa,
1168 1503 1240 1534 dum
1263 1509 1425 1543 spectares

952 1548 998 1580 Et
1020 1549 1171 1580 maternis
1195 1550 1367 1583 inundates

999 1596 1215 1627 Lacrimarum
1241 1596 1390 1640 fontibus,

953 1643 1045 1674 Vires
1071 1643 1162 1674 dolor
1184 1643 1342 1686 ebibebat,

954 1690 1077 1729 Corpus
1102 1692 1190 1721 tuum
1214 1689 1384 1724 fatiscebat

997 1737 1204 1769 Admirandis
1229 1738 1375 1772 luctibus.

918 1826 927 1833 .
951 1803 1030 1846 Ave,
1057 1812 1138 1845 rosa,
1164 1803 1228 1835 iam
1252 1814 1272 1836 a
1296 1803 1372 1837 fletu

952 1849 1025 1881 Tibi
1048 1849 1137 1882 flenti
1162 1851 1231 1882 sine
1253 1855 1339 1883 metu

1000 1897 1112 1928 Vultus
1136 1897 1338 1940 intumuerat,

953 1943 1036 1975 ‘Nam
1062 1943 1162 1983 caligo
1186 1945 1338 1977 nebulosa

953 1990 1035 2030 Tibi,
1062 1991 1162 2030 virgo,
1190 1991 1257 2034 tibi,
1285 2001 1368 2035 rosa,

1002 2037 1115 2069 Oculos
1141 2037 1313 2070 abolverat.

918 2137 926 2143 .
951 2112 1032 2152 Ave,
1059 2121 1140 2152 rosa,
1166 2113 1319 2152 plangens
1346 2123 1452 2147 carum

952 2159 1119 2192 Raucitate
1143 2159 1205 2190 iam
1229 2159 1382 2193 fibrarum

998 2206 1067 2237 Tua
1091 2214 1152 2236 vox
1176 2207 1325 2250 perierat,

952 2252 1024 2284 Tibi
1049 2251 1137 2283 flenti
1162 2253 1224 2283 iam
1247 2254 1413 2300 singultus,

952 2299 1094 2331 Eiulanti
1118 2299 1253 2339 plangor
1276 2303 1393 2335 multus

1001 2346 1092 2378 Vires
1115 2345 1245 2385 prorsus
1268 2347 1418 2390 fregerat.
