1650 2612
332 164 386 196 29.

332 379 387 411 30.

332 602 385 635 31.

333 828 389 858 32.

335 1052 390 1083 33.

330 1273 384 1305 34..

335 1497 390 1528 35.

332 1721 386 1753 36.

331 1946 384 1977 37.

330 2168 384 2201 538.

667 66 924 101 —120—

412 165 490 206 Ave,
518 163 602 202 apud
627 171 719 201 quem
743 164 790 192 est
813 161 1005 203 propitiatio,

413 211 475 242 Per
499 217 590 249 quem
614 214 724 240 nostra
748 210 796 239 est
818 206 961 246 perfecta
985 207 1171 247 redemptio,

411 257 487 296 Fac,
512 259 548 287 ut
571 264 627 287 nos
651 255 684 286 in
711 254 855 285 custodia
879 253 1030 285 matutina

413 304 449 335 In
474 306 506 334 te
530 311 617 341 spem
644 302 831 333 collocemus
856 304 888 332 et
911 301 1101 341 vespertina.

412 379 491 418 Ave,
517 378 600 416 Iesu,
625 377 678 415 qui
702 375 741 408 ab
762 376 882 415 angelis
905 376 1078 408 minoratus

412 426 518 463 Atque
543 432 562 453 a
586 424 708 462 virgine
727 426 829 455 matre
852 431 884 454 es
897 421 1095 464 ’ablactatus,

411 471 461 502 Da
487 470 577 502 nobis
603 479 672 502 eum
696 470 816 502 israele
839 470 873 500 in
896 471 929 500 te
953 477 1092 509 sperare,

412 517 503 549 Mare-
527 518 586 548 hoe
612 526 671 556 quo
696 518 852 556 possimus
877 516 937 547 tuti
960 515 1167 556 pertransire.

413 603 491 639 Ave,
518 602 599 641 Iesu,
625 604 768 633 sanetum
794 601 880 633 cuius
905 600 1141 632 tabernaculum

412 649 527 687 Augen
554 648 695 680 videntes
719 648 879 680 laetantur
899 648 932 679 in
956 648 1125 689 saeculum,

413 696 567 734 Concede,
593 698 679 727 tuum
705 697 739 727 ut
763 703 922 727 servemus
947 697 1178 736 testamentum,

413 743 502 782 Quod
528 743 672 782 patribus
697 742 869 782 promisisti
893 750 952 783 per
974 743 1193 774 iuramentum.

415 827 494 866 Ave,
522 826 608 857 euius
634 826 797 857 descendit
821 827 852 856 in
876 825 1008 857 barbam
1030 828 1232 865 unguentum,

412 875 518 904 Aaron
544 873 667 904 scilieet
691 874 818 912 eiusque
842 872 1073 913 vestimentum,

414 919 467 951 Sie
491 928 558 958 nos,
585 928 602 950 o
627 920 709 951 bone
731 919 814 959 Iesu,
841 928 947 951 omnes
972 919 1024 951 fae
1047 919 1140 960 uniri,

413 969 478 1004 Quo
504 969 557 998 tuo
581 970 738 1007 unguento
762 966 918 1005 possimus
942 966 1064 1000 illiniri.

415 1051 494 1091 Ave,
521 1049 560 1081 ad
588 1058 678 1089 quem
702 1051 734 1082 in
759 1051 902 1083 noctibus
931 1050 1048 1082 extollo
1072 1058 1191 1089 manus,

411 1097 462 1127 Ne
487 1096 560 1127 dum
587 1096 640 1128 hie
664 1105 764 1138 curro,
791 1097 918 1129 tandem
944 1105 1113 1136 appaream
1140 1105 1247 1136 vanus,

413 1143 552 1174 Benedie
576 1152 635 1185 me,
662 1152 787 1185 quaeso,
815 1144 867 1182 qui
892 1145 925 1175 in
950 1144 1026 1175 Sion
1051 1143 1185 1182 habitas,

411 1194 455 1220 fit
479 1188 541 1229 fae,
567 1198 607 1220 ne
630 1198 680 1221 me
704 1193 829 1230 premat
852 1191 1005 1222 malorum
1030 1191 1189 1230 iniquitas.

410 1274 488 1309 Ave,
515 1273 568 1313 qui
590 1274 706 1313 populo
730 1276 783 1305 tuo
808 1274 1017 1307 hereditatem

410 1319 536 1351 Dedisti
561 1318 673 1360 fugans
695 1321 769 1353 hine
793 1324 949 1353 sectantes
975 1322 1154 1362 vanitatem,

412 1366 534 1398 Praebe
557 1370 589 1397 te
612 1366 702 1398 nobis
728 1377 819 1410 nune,
847 1368 981 1407 Christe,
1008 1368 1208 1410 exorabilem,

413 1413 470 1451 Qui
497 1414 682 1445 t'ananaeae
706 1422 813 1446 vocem
839 1415 956 1447 audisti
979 1414 1126 1448 flebilem.

416 1497 495 1536 Ave,
521 1497 574 1536 qui
598 1500 725 1529 nostrae
749 1507 868 1530 memor
895 1508 927 1531 es
953 1500 1150 1540 humilitatis,

414 1543 505 1583 Vide,
532 1545 616 1583 quod
641 1548 764 1584 premat
788 1554 845 1578 nos
870 1547 1011 1585 procella
1034 1547 1241 1589 tempestatis,

413 1591 451 1622 In
475 1590 667 1629 profundum
692 1592 798 1624 statim
823 1592 956 1625 forsitan
985 1594 1196 1633 demergendi,

413 1636 486 1668 Tibi
510 1638 537 1668 si
564 1637 645 1669 desit
669 1640 813 1671 voluntas
838 1649 895 1671 nos
919 1640 1087 1673 liberandi.

412 1722 490 1763 Ave,
517 1723 600 1762 Iesu,
627 1723 680 1763 qui
705 1732 738 1755 es
764 1733 840 1756 vera
863 1728 956 1764 petra
979 1726 1151 1768 angularia

411 1768 546 1800 Illidens
569 1769 713 1802 inimicos
738 1780 896 1812 nunquam
922 1773 1140 1813 confringeris,

411 1815 514 1847 Malos
541 1817 695 1855 cogitatus
723 1819 763 1850 da
788 1820 830 1852 ad
853 1821 886 1850 te
910 1819 1054 1860 allidere,

412 1861 503 1893 Solus
529 1862 582 1902 qui
606 1866 696 1902 potes
721 1866 856 1905 utraque
880 1875 975 1900 unum
1000 1865 1116 1900 faeere.

410 1946 489 1983 Ave,
515 1946 568 1984 qui
591 1947 686 1987 solus,
714 1957 784 1980 eum
809 1949 852 1981 sis
877 1950 1030 1983 Dominus
1057 1952 1213 1990 excelsus,

412 1991 481 2022 Non
510 1992 681 2030 despexisti
707 2004 764 2027 nos
789 1997 923 2029 miseriis
951 2006 1142 2038 eompassus,

411 2037 475 2069 Sed
501 2046 625 2070 earnem
650 2044 789 2073 nostram
815 2044 907 2076 homo
933 2043 1038 2076 faetus
1063 2045 1206 2083 induisti,

411 2083 582 2117 Dexteram
606 2088 706 2125 patris
732 2090 784 2129 qui
808 2099 966 2131 nunquam
989 2092 1195 2132 dereliquisti.

409 2169 489 2207 Ave,
514 2169 595 2212 Iesu,
616 2170 701 2203 solus
727 2172 781 2212 qui
806 2178 920 2207 cuneta
946 2176 1046 2215 videS,

411 2214 444 2246 Si
469 2216 640 2248 ascendero
665 2218 697 2249 in
724 2220 854 2261 eaelum,
880 2222 926 2254 ibi
954 2223 1043 2263 ades,

411 2261 474 2294 Sed
500 2263 558 2294 etsi
582 2263 614 2294 in
638 2263 796 2297 infernum
821 2277 877 2307 ego
905 2269 1112 2308 descendero,

409 2309 524 2342 Manus
548 2313 618 2341 tuas
642 2310 777 2352 effugere
800 2324 863 2346 non
888 2318 1009 2354 potero.
