1650 2612
711 128 967 164 -201-

231 221 264 256 9.
292 221 371 261 Ave,
397 222 564 256 exsultatio

333 278 404 301 mea
427 270 629 312 laetabunda,

289 316 358 348 Tua
382 319 544 350 veneratio

331 363 409 395 mihi
433 365 475 396 sit
498 366 645 407 iucunda,

288 410 363 442 Mea
389 412 541 446 desolatio

336 461 438 490 exstat
463 460 670 501 gemebunda,

288 504 407 537 Nostra
429 507 626 546 gubernatio,

335 551 387 584 fac
410 555 445 584 tu
471 554 569 586 corda
591 556 718 587 munda.

205 628 259 660 10.
281 627 362 668 Ave,
389 631 421 659 et
444 629 579 661 miseriis

333 676 450 707 nostris
476 677 693 709 condescende

286 721 398 761 Neque
423 723 590 756 desideriis

332 770 456 801 animae
479 771 619 813 intende,

287 816 350 848 Sed
376 817 423 848 sic
447 818 606 849 exercitiis

332 864 479 903 spiritum
502 866 646 906 incende,

285 910 335 943 Ne
363 915 455 943 vacet
478 912 600 944 deliciis

336 959 441 990 carnis
466 959 662 992 nutriendae.

206 1034 260 1065 11.
286 1035 366 1072 Ave,
394 1034 480 1065 cuius
504 1038 612 1065 uterus

332 1084 475 1112 sanctum
500 1080 563 1112 fuit
586 1082 737 1122 templum

283 1127 333 1158 De
357 1136 417 1167 quo
442 1128 551 1166 prodit
572 1127 666 1169 filius,

331 1175 384 1213 qui
410 1175 467 1207 dat
491 1175 720 1214 documentum,

283 1221 350 1259 Quo
374 1221 455 1252 nihil
480 1226 529 1253 est
554 1223 670 1260 verius,

332 1269 470 1300 condens
494 1271 727 1310 testamentum,

283 1315 378 1348 Unde
402 1314 439 1347 fit
464 1317 596 1348 celerius

330 1364 419 1402 pacis
444 1363 680 1397 incrementum.

741 1107 748 1122 7

201 1439 258 1472 12.
284 1438 364 1476 Ave,
392 1448 472 1479 quae
495 1440 632 1478 inopiam

331 1495 506 1526 pauperum
532 1487 654 1529 solaris,

284 1532 447 1565 Castitatis
473 1533 595 1575 copiam

331 1580 382 1620 da,
409 1589 471 1620 qua
496 1580 675 1622 delectaris,

283 1627 410 1659 Intrans
436 1628 477 1659 ad
503 1629 695 1669 memoriam,

329 1675 385 1705 ubi
410 1674 577 1717 affectaris,

280 1721 451 1753 Elimando
477 1723 609 1755 scoriam

327 1769 397 1800 vitii
421 1770 575 1802 mortaliS.

204 1848 257 1880 13.
281 1847 361 1888 Ave,
387 1846 421 1877 in
448 1845 570 1877 deliciis

328 1893 467 1925 retinens
494 1894 651 1934 decorem,

281 1941 395 1972 Traice
419 1941 451 1972 in
476 1941 596 1972 intimis

328 1989 455 2020 luminis
481 1987 693 2029 splendorem,

283 2035 450 2068 Camalem
476 2036 515 2067 ab
541 2034 656 2066 infimis

327 2084 494 2115 retrahens
519 2091 668 2124 amorem,

281 2131 382 2172 Dans,
411 2131 469 2163 Dei
496 2130 674 2163 dulcedinis

328 2180 463 2211 sentiam
488 2186 644 2219 saporem.

198 2258 252 2289 14.
278 2257 360 2296 Ave,
386 2256 427 2287 ad
453 2264 546 2295 quam
574 2254 704 2285 caelitus

326 2304 433 2335 oculos
459 2302 592 2341 reflexit,

278 2351 410 2390 Quando
435 2354 554 2383 terram
581 2349 733 2381 Dominus

326 2399 479 2431 miserans
506 2397 644 2438 respexit

961 226 1068 266 Atque
1090 233 1171 256 vana
1195 224 1329 257 hominis

1009 272 1115 305 studia
1139 273 1285 315 correxit,

963 320 1022 358 Qui
1047 328 1090 361 se,
1117 328 1209 359 quam
1233 320 1353 351 inutilis

1009 368 1059 407 sit,
1085 375 1147 398 non
1170 366 1336 399 intellexit.

882 444 936 475 15.
963 443 1041 485 Ave,
1068 442 1272 474 tabernacula

1010 497 1137 521 manens
1160 489 1193 520 in
1220 490 1386 529 caelorum,

963 537 1082 568 Intrem
1106 536 1175 567 sine
1198 537 1321 568 macula

1009 585 1091 615 atria
1115 592 1221 614 eornm

962 631 1024 662 Per
1047 636 1079 662 te
1104 639 1204 670 neque
1227 631 1330 662 iacula

1010 678 1133 709 timeam
1160 678 1323 717 malorum,

963 724 1030 756 Nec
1053 725 1152 765 ignita
1176 724 1281 756 facula

1008 775 1080 803 urat
1104 772 1260 805 vitioium.

882 849 936 880 16,
962 848 1043 887 Ave,
1070 857 1129 887 qua
1157 849 1281 879 exuitur

1008 896 1100 926 homo
1125 899 1300 934 vetustaus,

961 942 1010 973 Tu
1035 951 1077 982 es,
1104 950 1165 981 qua
1190 942 1320 973 diluitur

1008 989 1080 1021 faex
1104 988 1308 1028 impuritatis,

962 1036 1026 1067 Per
1051 1040 1082 1067 te
1106 1036 1282 1066 reinduitur

1010 1084 1101 1114 homo
1126 1083 1286 1115 novitatis,

964 1129 1020 1161 Cui
1045 1129 1222 1161 restituitur

1005 1186 1079 1216 pars
1106 1176 1302 1209 hereditatis.

877 1251 931 1283 17.
956 1252 1036 1292 Ave,
1061 1251 1149 1291 virgo
1174 1253 1270 1292 regia,

1007 1302 1126 1330 mentes
1151 1308 1259 1330 amans
1282 1308 1389 1339 puras,

962 1345 1053 1385 Cura,
1080 1354 1097 1376 ο
1123 1347 1257 1389 egregia,

1006 1394 1095 1426 Evae
1118 1393 1320 1433 imposturas,

960 1440 1024 1472 Fer
1047 1440 1139 1472 nobis
1165 1442 1306 1472 remedia

1007 1492 1116 1519 contra
1140 1488 1237 1519 saecli
1262 1497 1362 1529 curas,

961 1535 1153 1566 Confirmans
1178 1536 1311 1575 vestigia

1009 1591 1104 1622 super
1127 1583 1195 1614 vias
1222 1583 1329 1616 duras.

887 1657 940 1689 18.
966 1657 1045 1694 Ave,
1071 1659 1273 1697 supercilium

1007 1714 1159 1745 spernens
1184 1706 1402 1745 superborum,

964 1753 1122 1785 Contuens
1147 1753 1309 1785 humilium

1011 1803 1043 1830 et
1066 1800 1304 1839 suppeditorum

961 1846 1103 1886 Impetus
1128 1848 1308 1889 gemituum,

1008 1903 1087 1933 para
1112 1898 1231 1926 mentes
1256 1896 1378 1937 horum,

960 1941 1117 1973 Memores
1143 1944 1325 1975 caelestium

1007 1993 1041 2021 ut
1066 1989 1130 2021 sint
1154 1991 1350 2030 gaudiorum.

879 2064 933 2096 19.
958 2067 1037 2105 Ave,
1065 2065 1261 2099 fortitudinis

1007 2121 1096 2145 meae
1119 2113 1360 2155 firmamentum,

960 2160 1008 2191 Tu
1031 2161 1252 2194 invalitudinis

1006 2217 1079 2240 nam
1106 2209 1162 2241 das
1186 2210 1412 2250 adiumentum,

959 2255 1095 2288 Animae
1119 2260 1152 2288 tu
1179 2259 1349 2290 candidum

1007 2304 1140 2343 praebes
1165 2306 1391 2346 indumentum,

958 2349 1064 2383 Infers
1089 2353 1176 2385 caelo
1201 2354 1321 2385 luteum

1008 2399 1142 2432 hominis
1168 2400 1361 2441 figmentum.
