1650 2612
223 1006 277 1038 10.

225 1408 278 1440 11.

224 1812 278 1844 12.

225 2216 278 2248 13.

741 107 969 142 -36-

269 226 275 233 .
302 202 457 234 Diadema
481 203 623 242 spineum

350 250 459 281 intulit
484 250 623 281 dolorem

304 296 489 328 Reverendo
517 296 613 335 capiti

352 345 405 376 tuo
431 348 462 373 et
487 351 629 374 cruorem

302 389 452 421 Extraxit
475 397 666 429 purpureum

347 435 564 475 pretiosiorem

304 482 424 522 Regum
450 482 638 521 diademate,

351 528 455 569 regnis
480 529 642 562 cariorem.

303 604 360 635 Pie
384 605 484 646 pater,
509 601 608 634 filium

350 653 436 681 tuum
460 658 511 680 mc
535 648 650 690 fecisti,

306 696 461 737 Sanguine
487 696 527 728 de
550 697 636 736 regio

349 746 384 775 tu
408 752 458 774 me
482 744 627 783 genuisti,

305 791 434 829 Quando
460 799 565 822 semen
590 789 749 830 sanguinis

351 838 384 869 in
409 839 495 868 terra
520 836 631 869 fudisti

305 884 349 916 Et
373 893 411 916 ex
434 883 494 915 hac
517 883 657 916 fidelium

352 939 450 970 grana
473 931 661 970 produxisti.

303 1006 350 1039 Ut
373 1006 406 1037 in
430 1013 480 1036 me
503 1004 661 1044 perficias,

349 1052 434 1091 quod
458 1052 600 1092 coepisti,
624 1052 752 1089 bonum,

304 1099 441 1131 Tuarum
466 1099 653 1138 participem

352 1154 402 1176 me
425 1143 477 1176 fac
500 1146 714 1185 punctionum,

306 1192 423 1232 Quibus
448 1192 474 1222 si
501 1193 703 1232 communico,

351 1243 383 1271 te
408 1240 511 1277 ipsum
534 1240 566 1270 in
596 1239 709 1270 donum

304 1286 413 1325 Dabis,
438 1286 522 1325 regis
546 1285 629 1317 filius

351 1332 498 1364 obtinebo
523 1332 678 1365 thronum.

305 1407 436 1447 Sanguis
461 1407 507 1438 tui
532 1407 645 1446 capitis

351 1457 509 1485 extractus
534 1462 592 1493 per
616 1454 738 1493 spinam

306 1500 421 1533 Sensus
445 1501 507 1531 mei
533 1501 646 1539 capitis

351 1550 465 1587 servet,
491 1556 531 1578 ne
555 1548 677 1579 ruinam

305 1595 480 1635 Patiantur,
507 1593 630 1634 fugiant

351 1642 433 1673 hanc
456 1641 565 1672 mundi
590 1642 753 1683 sentinam,

305 1689 381 1721 Illos
404 1689 446 1721 ad
468 1688 610 1720 notitiam

351 1736 435 1776 erige
462 1735 609 1768 divinam.

304 1812 356 1843 Ad
381 1814 422 1852 te,
448 1811 530 1851 Iesu,
557 1812 640 1842 oculi

350 1859 413 1889 mei
435 1857 621 1897 dirigantur,

306 1905 400 1937 Cuius
425 1904 692 1943 pulchritudinem

352 1952 409 1991 sol,
435 1950 519 1992 luna,
546 1951 710 1990 mirantur,

305 1998 358 2031 Ad
385 1999 513 2029 choreas
537 1998 693 2037 virginum

351 2052 442 2076 aures
468 2044 637 2084 erigantur,

303 2091 450 2124 Paradisi
474 2089 603 2122 fioribus

349 2146 443 2170 nares
466 2137 657 2170 nutriantur.

304 2214 355 2246 Da
378 2215 514 2254 gustare,
540 2213 683 2254 Domine,

352 2262 487 2301 quantae
511 2261 685 2301 suavitatis,

305 2309 446 2348 Quantae
469 2307 512 2339 sis
539 2307 724 2349 dulcedinis,

350 2364 400 2388 nie
424 2354 626 2387 humanitatis

894 418 947 450 14.

898 821 951 852 15.

896 1222 949 1254 16.

897 1625 950 1657 17.

897 2029 950 2061 18.

977 202 1063 234 Tuae
1086 203 1169 234 lacte
1193 199 1298 240 refice,

1021 249 1116 280 melle
1139 247 1276 288 deitatis,

974 295 1076 326 Tactu
1100 297 1172 326 tuae
1196 293 1340 326 fimbriae

1020 342 1153 373 mundes
1178 351 1197 372 a
1221 339 1372 380 peccatis.

974 416 1034 447 Tui
1060 417 1161 447 sancti
1187 415 1301 455 capitis

1023 463 1171 495 verticem
1196 463 1323 494 beatum

975 510 1116 540 Veneror
1141 508 1297 540 arundine

1021 564 1080 594 pro
1105 564 1155 587 me
1178 554 1381 595 flagellatum,

978 602 1164 640 obsecrans,
1193 602 1386 639 dulcissime,

1021 652 1056 680 ut
1082 652 1175 689 caput
1200 649 1324 687 elatum,

976 696 1066 735 Quod
1092 697 1178 728 erexi
1202 698 1311 727 contra
1336 698 1378 737 te,

1022 743 1080 774 tibi
1106 744 1148 774 sit
1172 744 1377 775 substratum.

977 818 1059 861 Iesu,
1089 818 1135 849 tui
1161 818 1274 858 capitis

1024 865 1229 897 inclinatione

977 912 1031 943 Me
1055 912 1184 951 salutas,
1209 912 1350 944 osculum

1024 958 1169 1001 praebes,
1195 958 1276 991 fiunt
1297 968 1418 999 pronae

975 1006 1077 1037 Aures
1102 1006 1179 1037 meis
1205 1005 1362 1048 precibus,

1024 1052 1064 1083 de
1087 1051 1262 1084 afflictione

977 1098 1090 1130 Grates
1114 1099 1190 1139 agis,
1217 1108 1330 1139 pascar
1354 1100 1415 1131 hac

1024 1146 1110 1177 dulci
1133 1147 1278 1178 lectione.

974 1221 1020 1252 Te
1045 1221 1192 1253 tradente
1215 1221 1362 1260 spiritum

1023 1270 1119 1307 caput
1142 1268 1312 1310 inclinasti,

975 1315 1057 1354 Quid
1081 1315 1152 1356 hoc,
1176 1315 1239 1346 nisi
1263 1315 1348 1354 quod
1368 1324 1426 1356 per
1443 1317 1504 1348 hoc

1025 1362 1237 1394 reconciliasti

977 1408 1032 1439 Me
1056 1409 1141 1447 patri
1167 1412 1197 1440 et
1222 1409 1348 1440 rediens

1024 1455 1100 1486 mihi
1125 1456 1278 1488 nuntiasti

976 1502 1100 1542 Pacem,
1126 1511 1238 1542 meque
1262 1503 1375 1545 capitis

1022 1551 1108 1580 motu
1133 1550 1289 1582 salutasti.

978 1623 1079 1655 Dulce
1104 1624 1237 1663 praebes
1264 1625 1403 1656 osculum

1023 1679 1102 1710 pace
1127 1670 1309 1712 reformata,

977 1717 1047 1749 Hoc
1072 1720 1119 1749 est
1142 1718 1232 1757 quasi
1257 1719 1394 1751 diceres:

1025 1765 1177 1796 meretrix
1200 1767 1371 1809 prostrata,

979 1810 1089 1853 Surge,
1113 1820 1200 1843 sume
1225 1813 1365 1844 osculum

1023 1858 1175 1898 sanguine
1197 1860 1352 1892 mundata

977 1904 1061 1942 Meo,
1085 1906 1146 1936 eris
1174 1906 1323 1946 deinceps

1023 1951 1099 1983 mihi
1127 1953 1327 1992 desponsata.

977 2027 1080 2060 Aures
1105 2037 1185 2067 pace
1210 2028 1338 2061 reddita

1024 2073 1104 2106 fiunt
1127 2076 1292 2114 proniores

976 2121 1094 2160 Patris,
1119 2123 1209 2161 quasi
1235 2123 1375 2156 diceres:

1024 2168 1176 2201 hactenus
1200 2169 1326 2202 labores

978 2214 1205 2255 Consumpsisti
1233 2226 1359 2259 vacuos,

1025 2270 1094 2294 cum
1121 2272 1250 2302 precum
1276 2265 1428 2299 clamores

976 2309 1028 2340 Ad
1056 2309 1157 2348 ipsum
1185 2312 1424 2358 transmitteres,

1024 2365 1107 2388 nunc
1131 2367 1243 2390 secure
1266 2368 1347 2393 oreS.
