1650 2612
728 86 959 121 —38-

218 181 271 214 30.
298 182 380 224 Iesu,
407 190 477 213 mea
500 181 593 213 lectio

214 583 268 616 31.

213 987 256 1018 32

211 1389 265 1421 33.

210 1792 263 1824 34.

210 2195 264 2226 35.

346 232 377 259 et
401 229 609 269 philosophia,

298 275 363 307 Mei
387 275 490 307 cordis
515 276 685 314 speculum,

345 331 404 362 quo
429 322 548 353 Rachel
576 324 608 352 et
630 322 690 353 Lia

297 368 375 400 Suas
401 371 514 401 ornant
537 368 645 407 facies,

345 415 445 446 dulcis
469 415 615 453 melodia,

296 461 394 500 Quam
420 461 459 492 de
484 461 586 492 carnis
612 460 734 491 cithara

341 507 493 547 produxit
515 506 630 539 Maria.

295 582 440 614 Membra
462 582 506 613 tui
534 582 673 622 corporis

341 630 374 660 in
400 637 492 661 cruce
514 632 641 660 extenta

298 675 476 708 Cantilenas
504 679 652 707 resonent

341 724 427 764 mihi,
454 732 529 762 quas
555 725 676 754 attenta

292 771 379 801 Aure
404 770 507 802 cordis
532 770 668 813 audiam,

341 817 451 849 horum
476 820 673 848 sacramenta

297 863 417 896 Cuncta
440 864 569 895 vincunt
592 864 730 895 musicae

342 911 419 942 artis
443 910 660 943 instrumenta.

294 986 342 1017 Tu
366 986 408 1017 sis
433 985 509 1016 mihi
533 985 660 1024 iubilus,

340 1035 374 1063 tu
399 1032 441 1063 sis
467 1033 657 1063 canticorum

295 1080 467 1117 Canticum,
496 1079 643 1110 solacium

341 1126 482 1158 dolorum
505 1134 642 1157 meorum

293 1172 468 1212 Singulare,
494 1173 628 1215 unicum,

338 1220 501 1251 vulnerum
526 1222 648 1251 tuorum

291 1266 463 1298 Memorem
488 1266 520 1297 in
545 1275 673 1297 numero

339 1322 420 1352 ponc
444 1311 592 1345 filiorum.

291 1389 374 1428 Iesu,
400 1388 446 1419 tui
471 1396 622 1419 memores

339 1434 390 1467 fac
412 1434 585 1466 imitatores

291 1482 371 1513 Esse
396 1485 475 1521 tuos,
502 1480 553 1513 fac
578 1490 630 1513 eos

339 1529 483 1567 exempla
508 1531 539 1559 et
561 1537 663 1560 mores

290 1577 374 1608 Tuos
399 1575 648 1615 apprehendere,

338 1624 450 1663 plagae
475 1625 506 1653 et
530 1623 645 1654 livores

290 1670 350 1702 Tui
373 1671 498 1702 nostros
525 1670 682 1708 condiant,

336 1719 514 1757 temperent
536 1716 672 1748 labores.

290 1792 448 1824 Memores
475 1791 638 1825 Calvariae

337 1839 450 1871 montis
477 1839 689 1879 decalventur,

291 1885 406 1916 Tecum
432 1884 510 1916 fiant
533 1885 592 1916 filii

339 1932 451 1971 Chore,
478 1930 712 1964 conformentur

290 1978 435 2010 Membra
458 1987 514 2009 suo
537 1979 642 2018 capiti,

337 2024 471 2056 terrenis
495 2025 662 2067 nudentur,

290 2071 336 2104 Ut
358 2081 377 2103 a
401 2074 433 2102 te
460 2071 646 2103 caelestibus

337 2118 493 2150 thesauris
517 2118 681 2152 donentur.

292 2193 384 2226 Cruci
406 2192 454 2224 tui
477 2201 630 2224 memores

338 2239 389 2272 fac
414 2240 615 2272 considerare

289 2288 377 2320 Tuae
401 2287 502 2319 crucis
526 2288 648 2326 proelia

336 2338 368 2366 et
391 2344 425 2368 se
449 2343 642 2374 praeparare

887 396 941 427 36.

886 799 940 830 37.

884 1202 939 1235 38.

884 1607 938 1638 39.

883 2009 937 2040 40.

969 180 1022 212 Ad
1048 180 1141 218 bella,
1169 188 1249 221 quae
1272 179 1438 210 imminent

1014 228 1163 259 vexillum
1189 228 1296 259 levare

972 273 1081 305 Crucis
1107 277 1139 305 et
1163 273 1366 305 fortissimum

1015 329 1127 352 nomen
1150 321 1309 352 invocare.

967 395 1005 426 111
1030 395 1089 426 hoc
1113 397 1166 426 tuo
1191 394 1318 426 nomine

1014 450 1123 472 manus
1150 439 1367 473 confortentur

966 487 1156 528 Dissolutae,
1181 487 1299 527 pavida

1018 534 1114 566 corda
1136 534 1334 573 roborentur,

967 581 1038 612 Hoc
1062 582 1169 613 audito
1194 581 1320 613 nomine

1012 628 1045 659 in
1072 627 1176 668 fugam
1203 631 1365 660 vertentur

966 675 1093 716 Hostes,
1122 676 1229 707 decem
1254 675 1343 706 milia

1014 722 1074 753 duo
1100 725 1339 762 prosequentur.

965 797 1086 828 Milites
1112 798 1276 829 audaciam

1012 849 1137 876 sumant
1159 844 1310 876 intuendo

967 890 1021 922 Sui
1046 892 1128 932 regis
1154 892 1295 931 vulnera,

1011 947 1080 969 sese
1105 937 1264 969 offerendo

964 985 1017 1016 Ad
1043 987 1174 1016 mortem
1198 993 1256 1024 pro
1282 988 1404 1016 mortuo

1013 1040 1137 1063 crucem
1162 1031 1355 1073 sustinendo,

966 1079 1101 1110 Vincula
1126 1082 1157 1109 et
1178 1086 1331 1118 carceres,

1011 1126 1193 1165 sanguinem
1219 1123 1391 1156 fundendo.

964 1200 1033 1231 Tua
1057 1200 1256 1240 triumphalis
1282 1209 1357 1231 crux

1011 1256 1105 1286 super
1131 1256 1185 1279 cor
1209 1247 1359 1279 ascendat

964 1294 1008 1325 Et
1033 1295 1137 1326 cordis
1160 1294 1352 1335 signaculum

1012 1340 1077 1380 fiat,
1105 1341 1325 1380 apprehendat

968 1387 1076 1419 Crucis
1100 1388 1328 1428 longitudinem

1014 1443 1067 1466 cor
1091 1438 1122 1466 et
1145 1444 1180 1466 se
1206 1435 1367 1467 distendat

963 1479 1004 1514 In
1028 1482 1137 1521 latum,
1163 1482 1306 1514 totaliter

1012 1529 1097 1560 cruci
1121 1537 1155 1560 se
1178 1529 1351 1571 impendat.

964 1604 1075 1636 Dulcis
1099 1605 1182 1645 Iesu,
1209 1608 1264 1636 tua
1287 1614 1372 1637 mors

1012 1661 1096 1683 mors
1121 1652 1301 1692 victoriosa,

966 1699 1084 1730 Iudaeo
1109 1699 1302 1739 turpissima,

1011 1746 1129 1778 Iudaeo
1153 1747 1317 1786 probrosa,

965 1792 1065 1824 Nobis
1089 1792 1314 1833 amantissima,

1009 1838 1100 1870 nobis
1125 1847 1286 1879 saporosa,

964 1884 1161 1917 inscribatur
1186 1886 1335 1918 cordibus

1011 1932 1045 1962 in
1068 1934 1157 1963 textu
1182 1935 1214 1964 et
1237 1933 1334 1972 glosa.

964 2007 1123 2045 Quidquid
1148 2010 1196 2039 est
1220 2016 1238 2040 a
1262 2010 1382 2041 vertice

1010 2054 1052 2085 ad
1077 2054 1229 2095 plantam,
1257 2059 1388 2088 conetur

964 2100 1052 2132 Tuae
1076 2102 1170 2133 morti
1196 2104 1343 2144 compati,

1012 2156 1065 2179 cor
1088 2147 1174 2180 intus
1197 2153 1354 2182 mactetur

963 2195 1002 2226 Iu
1028 2195 1278 2236 contritionibus,

1012 2250 1125 2280 corpus
1151 2244 1322 2283 castigetur

963 2288 1001 2319 In
1025 2288 1144 2329 labore,
1169 2291 1321 2330 sanguiue

1008 2336 1149 2369 lacrimis
1173 2337 1307 2371 lavetur.
