1650 2612
676 113 906 148 -17-

158 207 189 238 2.
215 207 318 238 Dulce
341 206 459 246 lignum
485 208 598 238 summi
624 208 723 248 ducis,

258 252 317 293 Qui
342 253 433 284 nobis
458 254 650 293 compatiens

211 300 265 332 Ad
291 300 453 332 crudelem
477 302 611 332 mortem
636 302 738 334 crucis

259 346 378 378 Factus
407 350 456 379 est
480 347 661 386 oboediens,

212 393 274 425 Per
298 395 331 424 te
354 394 461 426 lumen
486 402 579 426 verae
602 395 682 426 lucis

260 440 437 481 Cognoscat
458 441 622 481 insipiens,

211 487 262 520 Ne
287 486 448 520 confidens
473 487 504 519 in
532 488 659 520 caducis

258 535 361 567 Deum
386 535 430 567 sit
456 534 644 575 despiciens

177 634 185 642 .
212 611 314 643 Dulce
337 610 456 650 lignum
482 611 594 649 crucis,
622 610 701 651 vale,

258 657 405 689 Tinctum
432 657 550 690 Christi
571 657 731 697 sanguine,

210 704 299 737 Inter
323 704 409 744 ligna
433 704 553 735 nullum
578 704 643 735 tale

255 751 394 789 Fronde,
420 750 508 793 flore,
535 751 686 791 germine,

208 799 270 830 Per
287 798 347 829 hoc
359 798 478 838 lignum
491 801 556 829 tam
571 797 759 837 condignum

259 845 370 878 Salvos
395 855 452 877 nos
478 843 539 885 fac,
565 845 709 887 Domine,

210 893 269 932 Qui
294 892 455 924 salvamur
480 894 512 923 et
536 893 697 932 signamur

254 940 322 971 Tuo
349 942 458 972 sancto
481 939 617 972 nomine.

175 1042 182 1048 .
209 1016 311 1047 Dulce
336 1014 464 1054 lignum,
494 1014 533 1045 de
554 1023 614 1054 quo
635 1014 758 1054 signum

255 1061 382 1094 Tribuit
408 1061 594 1094 clementiae

209 1110 287 1142 Sero
313 1111 434 1150 captus,
460 1117 553 1140 mane
576 1111 706 1147 tractus,

254 1158 369 1189 Passus
394 1156 427 1187 in
452 1155 596 1196 meridie,

209 1203 276 1236 Nos
302 1203 441 1243 signatos
466 1204 498 1234 et
521 1206 676 1242 pennatos

257 1250 357 1283 Donis
382 1259 457 1282 suae
484 1250 606 1290 gratiae

210 1298 276 1330 Det
300 1297 416 1337 volare,
445 1306 506 1337 quo
530 1306 666 1337 pausare

260 1345 419 1377 Possimus
444 1346 477 1377 in
503 1344 620 1384 requie.

176 1447 183 1454 .
209 1421 312 1453 Dulce
336 1420 465 1461 lignum,
492 1429 553 1460 quo
578 1420 713 1452 calcavit

255 1468 412 1501 Torcular
436 1477 494 1500 rex
518 1468 656 1499 omnium

206 1515 251 1547 Et
276 1515 428 1547 calcando
455 1515 625 1547 torculavit

260 1564 391 1596 Fastum
418 1562 677 1604 conculcantium,

209 1611 293 1650 Quos
318 1608 473 1641 infestant
495 1612 526 1640 et
550 1610 722 1641 molestant

254 1656 344 1689 Mala
367 1657 632 1700 persequentium,

211 1704 338 1737 Christo
365 1704 445 1736 duce
469 1702 531 1735 frui
556 1704 627 1735 luce

258 1751 429 1792 Contingat
453 1751 635 1784 vivent-ium.

174 1853 180 1859 .
207 1827 311 1859 Dulce
335 1826 465 1868 lignum,
492 1835 553 1866 quo
578 1827 728 1859 misertus

255 1875 343 1907 Deus
365 1883 421 1906 suo
445 1874 563 1916 populo

208 1923 345 1954 Poenam
373 1923 476 1955 crucis
501 1924 550 1953 est
574 1923 735 1962 expertus,

256 1970 437 2009 Resurgens
464 1968 614 2010 diluculo,

206 2017 309 2058 Super
336 2018 439 2049 caelos
466 2017 622 2049 exaltatus

254 2065 304 2097 De
328 2065 431 2097 crucis
457 2064 601 2105 patibulo

207 2113 274 2144 Nos
300 2121 319 2143 a
346 2113 417 2144 duri
444 2111 602 2144 cruciatus

251 2159 386 2192 Liberet
408 2159 560 2200 periculo.

150 2238 180 2269 7.
209 2236 310 2268 Dulce
333 2235 464 2276 lignum,
489 2235 571 2275 quod
597 2235 736 2267 sacravit

255 2284 361 2315 Iustus
386 2283 483 2316 iudex
510 2283 656 2327 omnium,

206 2331 344 2363 Poenam
371 2332 474 2363 crucis
500 2331 553 2371 qui
578 2330 713 2362 mutavit

251 2380 290 2411 In
317 2378 400 2411 vitae
421 2379 618 2419 mysterium,

190 2437 319 2463 Dreves.
336 2437 459 2460 Psalteria
474 2436 628 2465 Rhythmica.
660 2436 680 2460 1.

842 829 874 861 9.

818 1233 872 1267 10.

818 1639 873 1673 11.

818 2047 872 2078 12.

892 209 954 241 Per
978 212 1010 240 te
1035 208 1111 239 dare
1135 208 1187 239 vel
1213 207 1334 239 dictare

937 256 1070 288 Rectum
1094 255 1148 287 det
1170 254 1331 294 iudicium,

890 303 940 334 Ne
963 309 1102 342 perenne
1125 311 1181 333 nos
1206 301 1368 342 gehennae

937 349 1105 388 Contingat
1129 348 1330 389 supplicium.

870 449 877 457 .
892 425 993 456 Dulce
1017 424 1145 465 lignum,
1174 432 1233 464 quo
1258 424 1428 463 malignum

936 472 1068 504 Hostem
1093 471 1179 503 Deus
1205 470 1332 513 domuit,

890 519 1092 558 Insurgentes
1119 521 1150 549 et
1173 520 1320 549 nocentes

938 565 1084 597 Inimicos
1110 566 1232 607 terruit,

891 611 1041 643 Nostrum
1057 620 1181 643 cursum
1196 612 1291 644 ducat
1303 619 1436 651 sursum,

937 658 1003 696 Quo
1027 659 1152 700 praeire
1178 658 1286 698 voluit,

889 705 948 744 Qui
975 706 1014 736 de
1039 705 1140 744 portis
1168 706 1256 737 dirae
1280 706 1391 736 mortis

936 752 1102 784 Hominem
1128 752 1255 791 eripuit,

890 827 990 858 Dulce
1014 827 1148 868 lignum,
1175 827 1258 867 quod
1285 827 1386 859 dulces
1398 830 1438 858 J1t

936 874 1085 907 idumeae
1110 873 1235 914 finibus,

891 921 966 953 Cum
993 930 1050 961 per
1074 920 1170 953 fidem
1196 921 1366 953 innotescit

935 967 1047 1000 Virtus
1073 969 1175 1000 crucis
1201 968 1356 1008 gentibus,

890 1015 1065 1048 Innotescit
1091 1018 1123 1046 et
1148 1015 1302 1048 dulcescit

933 1063 996 1094 Per
1019 1066 1051 1094 te
1076 1063 1219 1095 Christus
1244 1062 1397 1105 omnibus,

886 1111 934 1143 Ut
959 1111 1083 1142 evulsos
1110 1112 1140 1141 et
1165 1109 1309 1150 repulsos

933 1157 1021 1190 Caeli
1046 1157 1162 1188 reddat
1186 1156 1324 1188 sedibus.

887 1233 989 1265 Dulce
1012 1233 1140 1274 lignum,
1169 1240 1229 1271 quo
1254 1230 1398 1264 firmatur

933 1280 1028 1312 Fidei
1052 1279 1208 1319 soliditas,

888 1327 990 1367 Super
1014 1329 1137 1367 petram
1162 1325 1317 1358 solidatur

935 1375 1010 1415 Spei
1035 1376 1163 1404 nostrae
1187 1373 1330 1413 firmitas,

888 1422 941 1454 Sic
965 1431 1022 1453 nos
1047 1419 1153 1451 firmet
1176 1424 1208 1452 et
1232 1419 1396 1452 confirmet

933 1469 1043 1506 Fides,
1069 1476 1143 1507 spes
1167 1470 1201 1499 et
1224 1467 1350 1499 caritas.

889 1517 932 1549 Ut
958 1514 1082 1547 timenti
1109 1515 1201 1546 detur
1225 1515 1312 1554 genti

937 1562 1089 1596 Caelestis
1113 1562 1285 1594 hereditas.

886 1639 988 1671 Dulce
1011 1640 1136 1678 lignum,
1167 1647 1227 1677 quo
1245 1637 1415 1678 benignum

936 1687 1058 1718 Scimus
1083 1694 1212 1724 passum
1237 1685 1356 1724 gravia,

888 1733 933 1766 Ut
957 1732 1091 1765 subiecti
1116 1733 1180 1763 sint
1202 1731 1337 1772 perfecti

936 1779 1054 1812 Christi
1078 1780 1243 1818 patientia,

890 1827 965 1859 Cum
990 1835 1047 1859 nos
1077 1826 1185 1858 turbat
1200 1826 1250 1858 vel
1267 1828 1435 1859 conturbat

935 1875 1100 1907 Mundana
1119 1874 1251 1916 malitia,

888 1922 941 1954 Sic
963 1923 1101 1962 regatur,
1127 1930 1167 1952 ne
1193 1920 1358 1961 frangatur

932 1970 1075 2010 Depulsa
1099 1970 1246 2001 maceria.

886 2045 989 2077 Dulce
1012 2046 1142 2085 lignum,
1170 2044 1254 2085 quod
1274 2045 1435 2077 dulcorem

934 2093 1030 2126 Fonti
1055 2092 1184 2125 Marath
1208 2092 1329 2135 tribuit,

887 2141 925 2172 In
950 2141 1074 2172 deserto
1103 2140 1181 2172 dans
1206 2141 1369 2181 liquorem,

933 2188 998 2220 Ubi
1022 2187 1127 2227 liquor
1153 2186 1263 2229 defuit,

886 2235 1025 2268 Nostrae
1050 2235 1148 2266 menti
1174 2236 1228 2267 det
1251 2244 1407 2275 saporem,

935 2284 993 2323 Qui
1021 2291 1145 2315 crucem
1171 2283 1331 2324 sustinuit,

887 2331 932 2363 Et
955 2331 1045 2363 sitire
1070 2339 1194 2362 sacrum
1219 2339 1334 2370 rorem,

937 2379 995 2418 Qui
1023 2380 1063 2411 de
1088 2387 1181 2411 cruce
1205 2377 1343 2419 profluit.

1250 2432 1267 2460 2
