1650 2612
703 119 955 156 —170-

485 215 581 243 Mente
601 215 731 250 concipio
751 215 851 243 laudes
872 217 1038 252 depromere
1046 213 1069 251 1)

483 254 594 281 Beatae
610 253 726 288 virgini,
748 261 823 289 quae
840 262 895 281 nos
916 262 934 280 a
952 262 1067 280 carcere

484 289 601 324 Ducit2)
620 299 671 325 per
691 289 782 317 filium
802 299 893 326 genus
913 292 944 317 in
964 299 1068 326 genere

483 328 557 355 Mihi
575 327 729 355 vivificans
749 328 864 355 effectus
872 327 895 362 ³)
915 337 1009 364 opere.

486 375 563 402 Usus
585 376 635 410 qui
654 374 790 409 praebuit
808 373 990 410 psallendi4),
1011 376 1136 410 gratiam

488 411 634 439 Sermonis
654 412 765 439 tribuat
783 413 815 438 in
835 412 1020 446 affluentiam,

483 449 525 476 Ut
544 450 606 476 eius
625 449 796 485 praedicans
813 450 913 477 laudes
935 452 963 477 et
982 449 1104 485 gloriam

483 487 620 514 Dulcoris
640 488 736 513 intimi
757 495 890 522 saporem
909 488 1040 514 sentiam.

483 533 615 560 Laudum
636 535 792 569 praeconia
813 534 904 560 dictat
924 533 1045 567 affectio,

484 570 542 598 Sed
561 571 663 606 lingua
682 572 790 599 titubat
809 569 994 607 haeretque5)
1013 573 1096 605 ratio,

483 607 565 642 Nam,
588 609 692 644 quibus
711 609 846 636 laudibus
868 617 961 644 quove
981 609 1135 645 praeconio

484 646 616 673 Referam
636 647 780 681 virginem
802 649 987 683 matremque,
1009 648 1118 674 nescio.

484 694 567 720 Haec
586 696 708 720 matrum
728 697 819 721 mater
840 697 885 722 est
904 697 933 721 et
952 703 1066 730 gemma
1084 694 1239 728 virginum,

487 731 568 764 Quae
587 732 664 758 vitae
683 732 818 766 praebuit
837 735 983 759 auctorem
1002 733 1169 764 Dominum,

487 769 544 802 Qui
566 773 687 796 mortem
709 771 867 797 terminans
887 778 938 805 per
958 772 1060 797 mortis
1082 770 1244 801 terminum,

484 807 597 834 Ruinae
618 808 743 834 moriens
765 810 907 834 succurrit
925 808 1083 835 hominum.

483 853 565 880 Haec
584 856 676 881 mater
694 853 848 890 virginis&¹
866 857 977 882 retento
998 856 1115 882 nomine

485 891 626 918 Caelestis
648 893 742 918 nuntii
762 892 885 919 fecunda
905 894 1014 920 semine

483 929 533 955 Ius
555 937 639 956 omne
658 932 777 964 superat
796 933 825 957 et
842 938 927 957 usum
946 930 1079 963 feminae,

486 966 558 993 Cum
578 967 661 993 nobis
681 968 809 1002 parturit
827 968 920 995 Deum
940 969 972 994 in
980 966 1002 1002 ⁷)
1023 969 1145 995 homine.

485 1013 600 1040 Salutat
620 1014 739 1049 angelus
748 1011 780 1047 ³),
800 1023 845 1041 res
867 1016 940 1041 mira
960 1017 1096 1050 sequitur,

487 1051 570 1084 Quod
589 1052 668 1078 auris
688 1052 800 1086 accipit,
821 1053 898 1079 intus
920 1054 1087 1088 concipitur,

483 1089 630 1115 Tumescit
649 1091 756 1122 uterus,
779 1089 859 1116 Deus
880 1090 1031 1125 egreditur,

484 1126 614 1153 Vestitus
634 1126 759 1159 homine,
779 1135 834 1153 nec
852 1128 934 1163 virgo
942 1125 965 1162 ⁹)
984 1128 1116 1154 laeditur.

485 1173 509 1201 O
529 1181 575 1200 res
595 1174 748 1207 mirabiliS,
768 1183 784 1201 ο
805 1183 900 1201 rerum
919 1176 1044 1208 novitas,

487 1211 525 1238 Se
544 1213 633 1238 vestit
650 1212 767 1238 homine
787 1220 899 1239 summa
917 1212 1063 1246 divinitas,

485 1248 578 1275 Lucet
596 1250 627 1275 in
646 1250 760 1284 virgine
779 1251 879 1276 matris
895 1250 1063 1283 fecunditas,

485 1285 526 1312 Et
544 1287 606 1322 iugi
624 1286 734 1313 lumine
752 1290 856 1314 vernat
873 1288 1037 1323 virginitas.

485 1333 568 1360 Haec
589 1341 700 1360 summa
721 1334 815 1360 laudis
834 1336 880 1361 est
898 1336 984 1370 atque
1004 1334 1133 1366 materia,

488 1370 571 1403 Quod
590 1374 682 1398 mater
702 1372 822 1398 Domini
840 1373 922 1407 virgo
943 1373 983 1398 sit
1001 1373 1089 1407 regia,

487 1408 634 1435 Promissa
653 1406 801 1443 proferens
821 1409 926 1436 mundo
947 1410 1082 1443 remedia,

488 1445 570 1473 Sicut
588 1454 646 1473 vox
665 1446 764 1473 docuit
783 1446 817 1473 de
838 1447 917 1474 caelo
937 1449 1048 1474 nuntia.

490 1493 573 1525 Quod
596 1501 662 1529 ergo
683 1490 814 1528 didici10)
832 1502 884 1528 per
904 1494 978 1521 caeli
997 1497 1129 1521 nuntium

486 1532 596 1557 Arcani
616 1532 731 1564 mystici
750 1531 1000 1565 consecratorifim,

488 1569 640 1595 Dictamen
660 1568 746 1595 offero
767 1569 968 1596 salutatorium

487 1606 544 1633 Per
562 1609 683 1633 matrem
701 1605 771 1638 filio,
791 1608 878 1633 matri
896 1615 949 1642 per
966 1606 1111 1642 filiumssl)

489 1654 620 1689 Benigne
639 1655 762 1689 suscipe,
782 1656 882 1687 mater,
903 1655 982 1690 quod
1001 1655 1097 1689 offero,

489 1691 631 1726 Litusque
651 1694 769 1727 tangere
787 1692 833 1718 fac
853 1700 907 1726 me,
927 1701 983 1727 quo
1003 1701 1136 1729 propere,

491 1729 532 1756 Ut
549 1730 651 1756 mortis
671 1729 778 1756 limites
798 1738 863 1756 cum
884 1732 1088 1765 pertransiero,

492 1767 595 1800 Quiete
613 1769 712 1794 vivere
730 1768 839 1801 possim
858 1768 893 1795 de
913 1771 1016 1795 cetero.

490 1814 551 1841 Nec
570 1823 629 1841 non
649 1816 678 1841 et
697 1814 831 1841 omnibus
851 1814 962 1843 relaxes
984 1817 1114 1849 crimina,

492 1852 549 1879 Pro
570 1853 675 1888 quibus
698 1852 864 1888 supplicans
884 1853 972 1880 fundo
993 1855 1167 1890 precamina,

492 1890 688 1926 Nosti-umque
707 1891 815 1925 pariter
836 1892 865 1917 et
881 1890 985 1918 horum
1004 1894 1123 1919 nomina

495 1927 647 1955 Conscribi
666 1928 755 1955 facias
776 1929 806 1954 in
827 1929 906 1956 vitae
925 1930 1041 1964 pagina.

268 1975 306 2009 A,
334 1974 456 2002 welches
482 1974 533 2000 das
558 1976 655 2001 zuerst
679 1974 848 2009 angeffihrte
866 1975 1049 2003 Prooemium
1076 1976 1118 2004 als
1142 1986 1209 2003 zum
1231 1977 1486 2014 vorhergehenden

193 2012 458 2085 foslggggiguffinglim
479 2012 528 2038 des
548 2011 588 2038 hl.
601 2011 813 2045 Bonaventura,
834 2013 955 2049 gehiirig
974 2014 1152 2047 bezeichnet,
1172 2015 1235 2051 fiigt
1255 2024 1291 2042 zu
1310 2015 1420 2044 diesem
1433 2018 1484 2045 das

492 2096 595 2124 Gloria
614 2105 678 2123 cum
697 2105 762 2124 mea
781 2105 861 2124 mens
881 2101 986 2132 careat,
1007 2099 1127 2126 laudare
1145 2099 1250 2133 Maria,

493 2134 543 2167 Te,
563 2142 630 2161 nam
650 2142 716 2160 cum
732 2136 772 2161 sit
791 2143 874 2162 arens
895 2138 1024 2170 caritate,
1044 2139 1126 2173 virgo
1146 2137 1250 2170 Maria,

494 2172 537 2198 Ac
554 2173 663 2199 virtute
684 2180 792 2206 carens,
815 2181 831 2200 o
850 2173 949 2201 lucida
966 2175 1053 2202 stella
1070 2175 1173 2207 Maria,

502 2208 574 2236 Cum
593 2211 634 2236 sis
654 2212 756 2237 sancta
773 2218 877 2245 parens
898 2212 1112 2249 largitorisque,
1131 2212 1235 2246 Maria,

492 2247 646 2282 Virtutum,
667 2248 768 2283 flagita
785 2249 858 2276 mihi
877 2249 995 2278 reddere
1015 2251 1099 2284 bona,
1118 2250 1221 2286 Maria,

244 2332 275 2360 ¹1)
292 2331 440 2354 conscribere
457 2329 483 2352 C.
504 2345 522 2348 -
541 2330 563 2357 2)
580 2329 658 2352 Solvit
676 2336 720 2358 per
735 2330 761 2353 G.
778 2343 802 2347 —
818 2332 841 2360 3)
856 2332 987 2356 mirificans
1003 2332 1114 2356 effectum
1128 2332 1155 2354 in
1163 2332 1191 2355 B.
1206 2344 1235 2348 —
1248 2335 1271 2362 4)
1286 2336 1407 2359 scribendi
1423 2338 1450 2362 C.
1460 2351 1489 2355 .-

194 2362 218 2388 5)
240 2362 351 2387 erratque
368 2360 394 2382 B.
415 2372 440 2377 -
456 2359 478 2385 6)
492 2358 594 2380 matrum
609 2359 685 2381 mater
699 2359 737 2381 est
751 2359 779 2382 B.
795 2372 822 2376 -—
837 2361 860 2388 7)
875 2367 927 2383 cum
942 2361 1035 2384 homino
1052 2362 1079 2384 B.
1097 2373 1122 2378 ——
1138 2361 1160 2388 8)
1176 2361 1293 2391 virginem
1305 2364 1331 2389 G,
1341 2377 1369 2382 —
1384 2366 1406 2394 9)
1422 2367 1488 2390 Deus

195 2395 246 2413 nec.
264 2389 290 2411 C.
306 2401 334 2405 —
350 2390 386 2417 10)
402 2386 493 2410 audisti
510 2386 535 2410 G.
555 2402 576 2405 -
595 2387 631 2415 11)
646 2387 692 2410 Die
707 2387 835 2417 folgenden
853 2390 973 2418 Strophen
987 2390 1069 2412 selden
1084 2390 1111 2412 B.
1493 2391 1494 2396 ¹
