1650 2612
723 64 975 99 -194—

218 166 275 198 47.
305 165 383 205 Ave,
408 171 467 204 per
491 171 582 203 quam
606 161 765 194 revelatur

306 211 389 242 Vera
409 210 493 242 salus
519 212 550 241 et
576 209 720 245 donatur,

301 258 378 289 Tam
403 257 536 288 Iudaeus
570 263 659 295 quam
686 252 821 293 gentiiis,

306 304 352 337 Ut
374 306 505 342 uterque
529 302 571 333 sit
595 301 709 333 fidelis.

227 390 283 423 48.
308 388 387 426 Ave,
413 388 509 429 virgo,
535 388 636 417 mater
660 387 777 424 sancta,

301 436 351 467 Tu
374 434 546 465 scabellum
571 432 631 464 Dei
655 431 740 463 facta

301 481 402 513 Pedes
429 480 493 512 eius
517 480 708 519 sustentasti,

301 528 399 566 Quem
422 527 559 559 adorans
582 526 746 558 invocasti.

893 160 947 191 49.

895 385 950 418 50.

975 158 1051 196 Ave,
1077 157 1143 188 ovis
1169 157 1348 196 centesima,

975 204 1072 242 Quam
1098 204 1234 242 pastoris
1258 203 1402 244 piissima

972 252 1086 283 Manus
1111 250 1233 281 revexit
1257 248 1379 288 superis

973 298 1025 329 Ad
1049 297 1131 327 ovile
1155 305 1224 328 cum
1250 296 1373 327 ceteris.

975 383 1053 424 Ave,
1081 381 1138 413 sub
1165 381 1251 412 cuius
1278 380 1402 412 domate

975 429 1073 460 Nemo
1097 426 1234 467 superbo
1259 427 1418 459 schemate

975 475 1139 507 Habitavit
1162 477 1196 506 ut
1221 474 1350 506 zabulus

974 523 1032 554 Vel
1056 523 1143 554 cuius
1166 530 1301 562 nequam
1325 522 1444 554 oculus.

610 600 759 633 Tertia
783 600 1087 638 Quinquagena.

272 693 281 701 ,
305 668 384 709 Ave,
410 670 511 700 mater
535 668 738 705 credentium,

307 715 392 753 Quae
415 724 476 747 non
501 715 624 754 spernis
648 712 787 746 fidelium

307 763 434 802 Preces,
459 762 515 793 sed
540 762 592 800 pie
615 762 747 800 respicis

306 808 457 840 Dolorum
482 810 603 840 vinctos
627 807 757 846 pedicis.

274 909 281 915 .
306 883 385 926 Ave,
412 892 470 923 per
494 892 585 923 quam
611 881 733 914 felicius

306 930 506 962 Renovamur
528 930 659 961 interius

307 977 404 1016 Quam
429 978 534 1016 aquila
557 977 670 1008 ieiunio

307 1023 416 1063 Longo
440 1025 590 1064 languens
614 1024 665 1054 vel
689 1024 786 1055 senio.

275 1125 283 1130 .
309 1099 389 1139 Ave,
416 1099 510 1130 decus
536 1098 733 1137 convallium,

311 1145 409 1183 Quam
436 1146 518 1177 inter
542 1145 607 1176 alta
629 1145 780 1176 montium

310 1190 397 1223 Fons
421 1193 505 1232 rigat
527 1192 710 1231 sapientiae,

308 1238 444 1270 Fructus
471 1239 555 1270 cibat
576 1238 725 1270 iustitiae.

276 1339 283 1345 .
311 1314 399 1350 Ave,
425 1312 531 1350 nubes,
559 1322 650 1352 quam
675 1313 826 1355 ascendit,

312 1361 350 1392 In
374 1359 553 1399 Aegyptum
577 1361 630 1399 qui
655 1360 827 1401 descendit,

311 1406 396 1438 Deus
419 1407 450 1437 in
476 1409 508 1437 te
532 1415 656 1438 carnem
681 1415 815 1447 sumenS,

310 1453 361 1485 De
384 1453 521 1484 tenebris
545 1462 601 1485 nos
625 1462 795 1487 assumens.

276 1552 285 1560 .
308 1528 389 1567 Ave,
415 1537 472 1567 per
497 1537 589 1568 quam
612 1528 751 1560 visitavit

305 1574 370 1606 Nos
395 1576 579 1615 redemptor
605 1578 636 1606 et
659 1576 798 1607 servavit

308 1622 361 1653 Ad
376 1622 557 1653 videndum.
572 1630 650 1662 quae
663 1624 736 1654 sunt
746 1622 829 1654 bona

308 1668 552 1708 Electorumque
577 1678 699 1701 corona.

276 1770 283 1776 .
308 1744 386 1787 Ave,
413 1744 547 1783 simplex
573 1747 605 1775 et
628 1745 763 1786 sapiens,

310 1791 467 1824 Universa
492 1792 679 1832 custodiens,

311 1838 395 1876 Quae
420 1839 459 1870 de
483 1838 542 1870 Dei
568 1839 687 1871 iustitia

309 1884 388 1917 Sunt
411 1886 461 1917 vel
485 1886 709 1918 misericordia.

255 1964 285 1991 ’.
308 1959 386 2002 Ave,
415 1963 501 1991 cuius
526 1969 580 1992 cor
602 1964 745 2001 paratum

309 2005 377 2037 Deo
403 2005 463 2038 fuit
487 2010 519 2037 et
542 2008 721 2039 mundatum

313 2052 457 2085 Gloriosa
481 2056 515 2084 tu
538 2054 708 2095 psallebas,

309 2099 448 2131 Mentem
476 2101 545 2132 voci
568 2109 647 2140 quae
666 2102 828 2141 iungebaS.

273 2200 281 2207 .
307 2175 386 2215 Ave,
409 2184 467 2215 per
492 2177 577 2207 cuius
600 2175 709 2217 filium,

310 2222 372 2254 Pro
397 2222 486 2254 nobis
510 2223 543 2255 in
569 2224 770 2264 opprobrium

308 2268 426 2301 Datum
449 2270 586 2310 Iudaeis,
612 2270 753 2309 solvitur,

312 2316 400 2358 Quod
425 2326 444 2349 a
467 2317 583 2350 mundo
610 2318 810 2359 delinquitur.

918 666 948 698 9.

897 883 948 914 10.

897 1098 951 1130 11.

897 1313 950 1345 12.

898 1530 952 1561 13.

898 1746 951 1778 14.

900 1964 952 1996 15.

899 2180 955 2213 16.

976 666 1053 705 Ave,
1079 665 1168 704 virga
1191 663 1339 706 iustitiae,

976 711 1109 743 Virtutis
1134 714 1164 741 et
1187 710 1356 751 potentiae,

976 759 1060 797 Quae
1085 758 1243 798 protulisti
1268 758 1425 798 gaudium,

977 805 1126 844 Salutem,
1152 813 1261 844 pacem
1287 805 1433 843 gentium,

975 882 1055 921 Ave,
1080 881 1173 912 beata
1195 880 1314 918 nunt-io,

977 928 1043 967 Quo
1068 927 1102 959 fit
1128 931 1236 959 nostra
1259 926 1447 967 redemptio,

978 975 1071 1007 Cuius
1095 983 1208 1006 nomen
1232 974 1374 1005 terribile

975 1022 1081 1061 Maiis,
1106 1022 1223 1053 sanct-is
1248 1021 1392 1052 amabile.

973 1098 1055 1135 Ave,
1081 1096 1189 1136 regina
1216 1095 1360 1137 celebris,

975 1144 1025 1175 De
1049 1152 1111 1182 qua
1134 1143 1237 1174 lumen
1262 1143 1295 1174 in
1320 1142 1459 1174 tenebris

975 1191 1131 1222 Exortum
1154 1190 1240 1229 parit
1263 1190 1410 1230 gaudium

975 1235 1014 1268 In
1040 1236 1182 1269 domibus
1206 1236 1357 1269 fidelium.

975 1313 1020 1344 Ax
1029 1322 1056 1353 e,
1083 1315 1169 1343 cuius
1194 1311 1358 1351 virginitas

977 1359 1103 1392 Christo
1127 1357 1165 1389 fit
1186 1361 1276 1398 grata
1299 1359 1423 1400 civitas,

975 1406 1058 1437 Dum
1083 1406 1165 1437 altus
1190 1406 1222 1437 in
1248 1405 1434 1437 caelestibus

977 1453 1116 1491 Quiescit
1137 1452 1171 1483 in
1193 1452 1373 1485 humilibus,

977 1530 1057 1567 Ave,
1082 1530 1182 1560 mater
1207 1527 1402 1571 Emmanuel,

985 1575 1043 1614 Qui
1068 1575 1232 1607 benedixit
1254 1576 1352 1607 Israel

976 1623 1082 1662 Atque
1104 1623 1207 1654 Deum
1232 1623 1424 1663 timentibus,

976 1668 1105 1701 Pusillis
1130 1678 1200 1700 cum
1224 1670 1405 1702 maioribus.

977 1746 1056 1785 Ave,
1084 1746 1170 1777 cuius
1196 1746 1296 1777 oratio

979 1792 1097 1824 Nostra
1122 1795 1170 1825 est
1193 1792 1378 1836 sublevatio,

982 1840 1064 1878 Quos
1086 1840 1120 1871 in
1142 1840 1204 1872 isto
1230 1840 1342 1872 exsilio

980 1886 1094 1918 Gravis
1119 1891 1213 1919 vexat
1236 1886 1378 1920 afflictio.

980 1964 1058 2001 Ave,
1083 1962 1162 1994 felix
1186 1971 1244 2002 per
1268 1963 1396 1995 saecula

980 2010 1066 2049 Quae
1091 2013 1291 2049 peccatorum
1316 2010 1444 2042 vincula

980 2057 1123 2099 Rumpis,
1148 2059 1184 2087 ut
1205 2056 1273 2089 Deo
1298 2057 1420 2089 animae

980 2104 1116 2136 Nostrae
1132 2103 1195 2135 sint
1220 2103 1324 2135 laudis
1349 2104 1505 2138 victimae.

978 2180 1059 2219 Ave,
1084 2188 1142 2219 per
1166 2188 1259 2218 quam
1284 2179 1485 2213 collaudatur

980 2227 1024 2258 Et
1045 2227 1078 2258 in
1102 2225 1193 2258 nobis
1219 2225 1422 2259 confirmatur

980 2273 1041 2305 Dei
1065 2272 1285 2305 misericordia

981 2320 1065 2353 Data
1085 2320 1209 2360 peccati
1233 2321 1334 2354 venia.
