1650 2612
704 104 958 139 -132—

202 202 257 233 23.
283 201 362 243 Ave,
389 209 471 241 rosa,
496 203 597 231 mater
620 207 721 239 rosae,

199 520 253 551 24.

198 837 252 868 25.

197 1153 251 1184 26.

198 1787 252 1820 28.

194 2115 248 2145 29.

280 248 393 288 Rosae,
420 249 556 289 inquam,
582 246 744 286 speciosae

329 294 430 333 Super
455 295 534 325 caeli
556 294 671 333 sidera,

281 340 383 380 Super
407 341 522 382 lunam,
549 348 644 378 super
668 340 764 371 solem

279 387 394 418 Rosam
420 388 519 428 illam,
545 389 631 417 tuam
655 386 776 425 prolem

324 434 532 465 Admirantur
557 433 694 466 aethera.

279 518 359 556 Ave,
384 526 465 560 rosa,
494 518 567 549 dum
591 519 653 548 iam
677 517 723 547 ita.

279 564 487 596 Ascendisset
513 564 622 595 mundi
646 564 711 594 vita

330 611 482 651 Suscepta
504 611 535 641 in
562 610 707 648 nubibus,

280 658 387 689 Novus
414 667 500 689 amor
523 658 557 688 in
579 660 612 688 te
637 658 744 699 crevit,

281 704 365 744 Ignis
392 713 488 736 novus
515 704 628 735 blande
653 704 753 735 saevit

323 751 400 782 Tuis
424 753 457 783 in
480 750 652 783 affectibus.

280 835 359 877 Ave,
386 844 466 878 rosa,
494 844 584 875 quam
610 835 753 866 intensae

283 881 441 921 Caritatis,
470 891 561 921 quam
586 890 747 920 accensae,

325 928 478 960 Urebaris
504 929 626 968 gaudio,

281 974 355 1006 Cum
380 975 442 1006 iam
467 976 564 1006 scires
587 976 671 1006 vitae
689 975 798 1006 ducem

279 1022 356 1053 Post
380 1019 515 1062 flagella,
546 1024 647 1064 sputa,
675 1030 799 1052 crucem

323 1067 517 1100 Emicantem
543 1069 633 1101 solio,

276 1152 356 1189 Ave,
383 1161 465 1193 rosa,
491 1161 581 1192 quam
607 1153 765 1194 immenso,

281 1198 379 1236 Quam
404 1202 532 1239 stupore
557 1200 650 1238 longe
674 1202 762 1230 tenso

325 1245 506 1277 movebaris
531 1245 683 1287 sensibus,

280 1291 355 1323 Cum
380 1292 504 1323 videres
530 1301 568 1324 ex
591 1295 624 1323 te
645 1295 751 1323 uatum

278 1338 380 1377 Super
407 1340 508 1370 caelos
534 1339 698 1378 elevatum,

324 1385 442 1424 Regem
467 1386 500 1416 in
526 1386 722 1418 caelestibus

246 1493 255 1501 .
279 1470 359 1504 Ave,
386 1478 456 1501 rosa
495 1479 564 1501 cum
589 1471 650 1501 iam
674 1473 741 1501 tota

278 1515 360 1547 Fixa
383 1525 511 1555 prorsus
536 1519 565 1548 et
590 1517 719 1549 immota

324 1562 504 1595 Transisses
528 1564 561 1595 in
594 1565 732 1603 {piritum

276 1609 318 1641 Et
343 1615 457 1641 amoris
479 1611 548 1650 Iege
573 1611 650 1641 certi

279 1655 435 1688 Creatoris
457 1658 615 1697 inexperti

324 1703 491 1742 Ignorares
515 1705 674 1744 gemitum.

278 1787 357 1822 Ave,
382 1796 455 1820 rosa
479 1789 656 1829 slngularis,

275 1834 377 1865 Homo
403 1837 506 1866 tamen
530 1836 707 1867 movebaris

324 1880 423 1912 Sensu
447 1883 547 1913 nostri
571 1884 740 1922 sanguinis,

276 1926 342 1964 Quo
366 1932 512 1960 movente
536 1929 715 1960 resolvebas

277 1973 323 2004 Et
346 1974 387 2005 ad
412 1974 521 2006 horam
548 1976 734 2007 demittebas

324 2020 475 2052 Theorias
500 2022 636 2055 luminis.

274 2114 352 2155 Ave,
379 2122 460 2157 rosa,
486 2123 558 2146 mox
580 2118 702 2157 novata,

276 2160 390 2192 Somno
415 2161 502 2193 velut
524 2162 670 2202 excitata,

322 2207 415 2238 Miris
441 2209 608 2240 desideriis

275 2254 361 2285 Loca
383 2254 455 2286 Iesu
480 2255 631 2287 visitabas

274 2301 319 2333 Et
342 2301 487 2333 ardorem
513 2303 710 2341 temperabas

323 2347 480 2381 Gravibus
504 2349 657 2390 suspiriis.

872 200 925 232 30.
951 199 1030 238 Ave,
1057 206 1139 237 rosa,
1165 198 1211 229 sic
1235 196 1368 229 ardebat

869 517 922 550 31.

868 835 922 866 32.

867 1152 921 1184 33.

868 1472 922 1504 34.

867 1792 921 1824 35.

866 2120 920 2152 36.

953 245 1066 276 Pectus
1091 247 1186 287 tuum,
1213 245 1260 276 sic
1284 245 1396 276 urebat

996 291 1141 322 Flamma
1163 291 1365 330 invincibilis,

948 338 1063 370 Mundi
1087 338 1179 369 huius
1204 347 1296 369 omne
1319 339 1437 370 clarum

949 385 1021 416 Tibi
1047 385 1147 416 visum
1172 387 1221 416 est
1244 394 1394 427 amarum,

996 432 1058 463 Res
1082 431 1301 463 intolerabilis.

950 517 1028 557 Ave,
1054 524 1135 558 rosa,
1163 524 1291 547 censens
1317 525 1422 559 grave,

950 562 1107 602 Quidquid
1132 562 1283 594 blandum
1306 567 1360 594 aut
1375 572 1473 594 suave

996 609 1180 641 Adludebat
1203 609 1356 652 sensibus,

951 656 1026 687 Sola
1049 656 1110 687 tuis
1136 659 1191 687 tua
1214 655 1289 698 vita,

949 702 1051 734 Nimis
1077 703 1163 734 clara
1186 704 1368 742 margarita,

995 749 1162 789 Splenduit
1186 749 1360 784 affectibus

946 834 1027 874 Ave,
1053 842 1135 874 rosa,
1161 835 1279 865 laetum
1304 836 1402 867 solem

946 880 1149 912 Aestimabas
1173 881 1260 911 velut
1284 883 1397 914 molem

996 928 1147 959 Fastiditi
1171 928 1308 967 luminis,

949 974 1022 1006 Sole
1047 982 1122 1005 vero
1145 974 1231 1005 intus
1256 975 1361 1015 plena,

948 1021 1029 1052 Tota
1053 1021 1168 1052 ardens
1194 1024 1226 1052 et
1249 1030 1371 1061 serena,

994 1067 1086 1099 Diem
1110 1076 1262 1107 spernens
1286 1068 1431 1101 hominis.

947 1152 1025 1194 Ave,
1053 1161 1133 1194 rosa,
1159 1161 1344 1195 memorare,

947 1199 1020 1230 Tibi
1045 1202 1149 1230 tamen
1171 1199 1332 1239 singulare

994 1246 1161 1277 Praestitit
1184 1246 1335 1278 solacium

948 1294 1020 1325 1esu
1044 1295 1097 1323 tuo
1123 1301 1191 1323 cum
1216 1293 1341 1326 videres

947 1339 990 1370 Et
1015 1339 1152 1370 videndo
1179 1342 1382 1379 constuperes

995 1386 1119 1417 Turbas
1144 1388 1193 1417 tot
1218 1387 1423 1422 credentium.

947 1471 1026 1512 Ave,
1054 1479 1135 1513 rosa,
1161 1471 1195 1502 in
1219 1472 1280 1503 hoc
1300 1474 1417 1505 mundo

948 1517 1134 1550 Volvebaris
1157 1518 1188 1549 in
1214 1517 1373 1557 profundo

995 1564 1153 1604 Lugubris
1176 1565 1362 1609 maestitiae,

948 1611 1011 1643 Sed
1034 1620 1118 1643 nunc
1141 1613 1233 1644 audis
1255 1613 1416 1646 beatorum

949 1658 1051 1697 Super
1075 1659 1187 1691 choros
1210 1661 1393 1700 angelorum

997 1705 1128 1738 Cantica
1147 1707 1299 1740 laetitiae.

947 1791 1026 1834 Ave,
1053 1800 1126 1823 rosa
1150 1793 1393 1835 transplantata,

947 1839 1049 1877 Super
1075 1839 1178 1870 caelos
1203 1839 1342 1873 exaltata

995 1886 1088 1917 quta
1111 1886 1257 1917 thronum
1282 1885 1352 1928 filii,

948 1932 1142 1971 Angelorum
1166 1932 1213 1963 ibi
1236 1936 1341 1966 coetus

950 1979 1023 2010 Tibi
1048 1988 1173 2018 semper
1199 1980 1283 2011 canit
1305 1980 1408 2015 laetus

994 2026 1110 2057 Dulces
1135 2026 1268 2066 hymnos
1293 2030 1411 2067 gaudii.

946 2119 1025 2162 Ave,
1051 2128 1132 2162 rosa,
1159 2121 1291 2151 multum
1316 2125 1429 2165 gaude,

946 2166 1025 2197 Risu
1050 2167 1154 2198 cordis
1182 2166 1250 2198 Deo
1276 2168 1393 2207 plaude

993 2213 1055 2244 Pro
1079 2213 1239 2245 immensis
1264 2218 1387 2260 gratiis,

946 2260 1041 2300 Ecce,
1067 2268 1179 2299 regnas
1203 2261 1406 2308 laetabunda,

947 2308 1018 2338 Iesu
1044 2315 1168 2346 semper
1193 2309 1399 2353 coniucunda,

990 2351 1136 2385 Affluens
1165 2355 1297 2387 deliciis.
