1650 2612
399 200 454 232 29.

399 413 455 445 30.

397 634 451 668 31.

395 860 450 892 32.

393 1083 448 1115 33.

391 1307 446 1340 34.

389 1531 444 1563 35.

388 1756 442 1788 36.

387 1980 442 2014 37.

386 2207 439 2239 38.

692 122 739 126 ..
786 90 926 136 94'-

479 199 552 230 Iesu
576 197 687 238 dulcis,
710 197 764 236 qui
788 205 838 229 me
862 197 955 240 regis,
983 207 1051 239 ave,

479 245 582 276 Tuum
605 244 682 275 mihi
705 243 812 283 iugum
835 242 888 275 fac
910 253 1017 285 suave,

479 291 524 323 Et
546 293 710 331 peccatum
734 290 855 329 primae
879 290 988 322 matris
1012 291 1101 323 Evae

478 337 559 369 Dele
581 345 692 376 meque
716 337 805 368 salva
828 337 933 369 omnia
956 346 1025 370 vae.

479 411 558 453 Ave,
584 412 616 442 in
641 419 732 450 quem
756 419 888 450 sperans
914 411 987 443 dum
1011 412 1155 450 cantabo,

481 458 541 489 Pro
566 457 705 496 peccatis
730 467 888 497 nunquam
915 456 1142 498 confundebor,

478 503 542 535 Sed
563 506 617 535 tua
641 504 763 536 iustitia
789 507 915 544 ereptus

476 550 530 581 Ad
554 552 586 582 te
606 559 690 582 nunc
714 559 806 583 curro
831 551 971 590 gaudens
997 553 1030 582 et
1052 551 1165 584 laetuS.

475 635 556 675 Ave,
580 634 663 674 Iesu,
689 635 743 674 qui
767 637 851 666 tecta
872 638 1004 675 peccata

476 681 638 721 conspicis
663 690 725 713 non
751 681 911 713 dimittens
935 682 1045 724 inulta,

475 728 623 768 Remitte,
646 737 771 769 quaeso,
796 729 979 768 iniquitates

476 775 544 807 Nec
567 774 645 806 mihi
667 775 802 815 imputes
827 776 992 809 vanitates.

475 859 554 897 Ave,
578 859 661 897 Iesu,
687 862 796 891 nostra
820 868 896 891 vera
921 860 1099 901 exsultatio,

474 906 571 944 Quem
595 906 748 939 iustorum
773 906 872 938 omnis
899 907 991 939 decet
1014 907 1216 949 collaudatio,

473 950 582 984 Verbo
606 955 659 984 tuo
685 953 788 984 caelos
812 952 953 985 firmatos
977 962 1034 985 nos
1059 953 1195 986 fatemur

473 998 516 1030 Et
538 999 653 1038 spiritu
676 1000 740 1031 oris
765 1000 811 1031 tui
835 1000 903 1040 regi
927 1001 1090 1034 laetemur.

473 1083 553 1123 Ave,
585 1083 671 1114 cuius
695 1083 764 1115 laus
786 1084 848 1115 nisi
872 1092 997 1124 semper
1021 1087 1070 1116 est
1092 1085 1126 1116 in
1150 1094 1215 1123 ore,

472 1130 569 1168 Quem
594 1138 650 1169 ego
675 1129 859 1162 benedicam
882 1131 916 1162 in
941 1132 1023 1163 omni
1048 1134 1200 1174 tempore,

474 1175 595 1215 Spiritu
619 1177 706 1208 cuius
729 1180 804 1219 opto
827 1178 1000 1210 illuminari

471 1222 516 1254 Et
541 1232 560 1254 a
584 1222 789 1255 tribulatione
811 1224 951 1257 liberari.

471 1307 550 1346 Ave,
576 1307 659 1349 Iesu,
686 1308 740 1347 qui
762 1308 919 1347 quondam
944 1308 1153 1341 subsannatus

470 1353 515 1385 Et
538 1362 558 1385 a
582 1354 699 1386 Satana
723 1355 816 1386 tertio
841 1357 979 1387 tentatus

472 1400 575 1432 Fuisti
599 1403 673 1440 post
695 1403 857 1441 peractum
881 1402 1043 1442 ieiunium,

470 1446 647 1487 Exstingue
670 1448 702 1479 in
729 1448 818 1480 nobis
842 1447 983 1481 flammas
1006 1449 1135 1489 ignium.

469 1531 549 1572 Ave,
574 1532 656 1573 Iesu,
681 1535 755 1564 ante
778 1533 885 1573 oculos
910 1533 997 1565 cuius

471 1577 602 1618 Semper
626 1581 676 1610 est
697 1579 915 1611 misericordia
939 1580 1015 1622 eius,

470 1624 565 1657 Cuius
591 1628 622 1656 et
645 1626 762 1658 veritas
786 1626 884 1658 nubes
908 1630 1064 1667 penetret,

469 1670 570 1703 Nobis
594 1681 614 1703 a
634 1675 727 1712 patre
750 1673 874 1705 veniam
896 1674 1056 1713 imploret.

468 1756 548 1795 Ave,
575 1757 655 1795 Iesu,
684 1757 771 1789 cuius
796 1758 936 1790 aemulor
960 1759 1051 1802 dona,

467 1803 543 1834 Mea
566 1803 641 1834 mihi
667 1804 788 1836 scelera
811 1810 846 1836 tu
872 1805 1015 1838 condona

467 1850 512 1881 Et
536 1859 605 1882 cum
628 1851 744 1891 iniquis
769 1860 820 1883 me
842 1852 979 1892 perdere
1002 1853 1075 1896 noli,

468 1896 531 1928 Sed
556 1896 617 1936 fac,
642 1906 683 1929 ne
707 1899 784 1938 quid
808 1899 886 1930 mihi
909 1898 1050 1931 inferant
1072 1901 1158 1934 mali.

467 1981 547 2020 Ave,
573 1981 655 2022 Iesu,
680 1983 798 2014 nostris
822 1992 881 2023 pro
906 1984 1045 2023 peccatis

467 2027 518 2059 Ne
541 2037 598 2059 nos
624 2028 791 2069 transfigas
814 2030 877 2061 tuis
902 2030 1034 2072 sagittis,

468 2073 531 2106 Sed
555 2077 681 2107 nostras
707 2084 884 2117 expurgans
910 2077 1073 2108 cicatrices

467 2120 518 2153 Da
542 2120 677 2161 effugere
700 2120 841 2155 flammas
865 2124 1006 2157 ultrices.

464 2206 544 2246 Ave,
570 2206 623 2245 qui
649 2215 752 2239 coram
776 2207 883 2239 iudice
907 2208 1099 2249 obmutuisti,

467 2252 496 2283 A
518 2252 644 2284 Iudaeis
668 2257 832 2286 accusatus
856 2264 919 2288 non
942 2255 1146 2296 respondisti,

466 2299 516 2331 Da
539 2308 695 2342 rogamuS,
721 2304 757 2333 ut
779 2302 935 2341 possimus
960 2303 1178 2335 obmutescere

466 2346 543 2379 Cum
566 2350 734 2387 peccantes
759 2349 931 2384 viderimus
956 2352 1067 2382 contra
1089 2359 1146 2382 nos
1171 2353 1267 2386 stare.
