1650 2612
168 221 222 254 14.

167 627 222 660 15.

164 1035 221 1067 16.

157 1440 211 1473 17.

158 1848 212 1882 18.

154 2260 208 2293 19.

681 133 841 169 -245
892 155 933 160 -

249 223 329 263 Ave,
354 223 444 264 virgo
469 226 635 268 virginum,

296 280 407 303 norma
431 274 619 314 sanctitatiS,

248 317 350 350 Decet,
373 321 406 349 te
429 321 631 358 purissimum

295 364 416 398 fontem
440 366 593 401 bonitatis

249 412 349 444 Stella
374 413 472 445 solem
496 424 610 455 parere

294 461 394 492 mirac
419 461 584 503 claritatis,

249 507 295 540 Ut
317 508 364 539 sic
387 517 445 539 nos
470 509 627 542 illumines

292 555 364 586 luce
387 556 541 590 veritatis

248 629 328 670 Ave,
354 630 416 662 Dei
440 630 556 671 haiala,

293 685 416 708 sursum
443 677 626 721 dominariS,

243 723 288 754 Et
311 733 331 755 a
354 725 574 763 peccatoribus

296 772 434 803 clemens
458 772 634 816 advocaris,

246 818 337 850 Tunc
361 819 394 851 in
415 819 521 860 terris,
549 821 684 860 domina,

292 866 426 897 multum
454 868 615 907 exaltariS,

247 912 325 945 Cum
350 912 588 946 misericordiae

295 963 368 992 tuae
392 962 581 995 recordaris,

249 1036 328 1077 Ave,
355 1035 417 1067 Dei
440 1038 552 1078 mater,
578 1039 612 1068 tu

292 1083 394 1114 nostri
416 1083 567 1115 miserere

243 1129 441 1169 Nostrasque
466 1130 609 1162 miserias

292 1177 429 1208 clemens
451 1177 584 1220 intuere,

244 1224 345 1255 Tuum
371 1227 514 1255 sanctum
543 1224 707 1257 brachium

292 1274 397 1310 potest
423 1279 586 1303 removere

246 1318 354 1360 Omne,
381 1326 440 1357 per
465 1319 549 1358 quod
574 1327 738 1361 possumus

287 1365 356 1397 Deo
383 1364 563 1405 displicere.

238 1441 321 1482 Ave,
348 1440 409 1473 Dei
434 1442 588 1485 genetrix,

291 1487 437 1520 columba
461 1492 626 1528 gemmata,

243 1537 371 1568 Pennae
397 1536 484 1567 cuius
509 1544 633 1575 aureae,

292 1591 366 1615 caro
392 1587 585 1627 consecrata,

240 1630 383 1663 Volitans
408 1638 467 1670 per
489 1631 606 1671 sidera,

287 1680 389 1710 mater
414 1678 578 1717 honorata,

242 1725 348 1757 Corda
373 1734 497 1757 sursum
523 1725 653 1757 subleva

285 1773 354 1805 Deo
381 1773 538 1807 dedicata.

240 1849 318 1888 Ave,
347 1848 435 1880 cuius
459 1846 559 1879 filium

288 1898 374 1928 cruci
399 1894 590 1938 adflixerunt,

238 1944 282 1976 Et
306 1946 396 1977 aceto
422 1941 517 1975 felleo

284 1992 389 2032 ipsum
410 1993 611 2030 potaverunt,

237 2040 365 2072 Raucae
389 2047 483 2070 voces
507 2038 636 2069 Domini

283 2086 388 2119 flentis
416 2084 611 2125 defecerunt,

237 2136 322 2175 Quae
346 2133 501 2174 superbos
528 2133 695 2164 daemones

282 2182 550 2215 adnihilaverunt.

235 2259 315 2303 Ave,
343 2258 405 2291 Dei
429 2257 584 2297 genetrix,

284 2307 415 2339 caelitus
442 2304 567 2347 festina,

239 2354 320 2386 Veni
344 2363 412 2386 cum
440 2352 618 2391 clementia,

285 2403 444 2434 caelorum
470 2401 588 2441 regina,

843 445 897 477 20.

843 848 897 880 21.

839 1253 895 1285 22.

838 1659 892 1691 23.

835 2067 890 2098 24.

924 229 1035 268 Eleva‚
1058 229 1235 261 misericors

971 276 1065 308 stella
1089 277 1250 313 matutina,

924 323 974 355 Ne
996 332 1053 355 nos
1078 324 1206 355 tandem
1231 321 1357 354 sorbeat

970 371 1123 402 scelerum
1146 371 1281 402 sentina.

923 445 1003 487 Ave,
1030 444 1090 476 Dei
1114 445 1230 485 baiula,

969 501 1126 531 nunquam
1153 491 1328 533 desperavi,

923 538 961 570 In
986 542 1040 571 tua
1065 539 1230 571 clementia

969 594 1094 625 semper
1118 595 1207 626 spem
1229 585 1343 625 locavi,

926 632 972 663 Te
997 641 1094 671 usque
1117 633 1150 664 in
1173 633 1294 664 senium

971 688 1096 718 semper
1119 679 1262 712 invocavi

922 726 967 758 Et
992 735 1060 758 cum
1086 730 1193 759 sancto
1219 726 1335 767 gemitu

970 776 1002 805 te
1027 773 1214 806 desideravi.

924 849 1004 887 Ave,
1032 848 1091 880 Dei
1116 850 1268 890 genetrix,

969 904 1052 927 nunc
1076 904 1116 927 ne
1141 895 1308 936 elongeris,

923 941 986 973 Sub
1012 943 1139 974 caelesti
1166 943 1281 980 sidere,

971 990 1069 1027 decet,
1097 990 1239 1021 adoreris

922 1036 966 1067 Et
989 1036 1078 1068 novis
1104 1037 1241 1068 donariis

968 1084 1015 1115 ita
1038 1083 1228 1123 memineris,

922 1130 1011 1168 Quod
1034 1129 1094 1161 Dei
1120 1129 1265 1161 altissimi

967 1181 1068 1209 mater
1091 1177 1314 1216 comproberis

920 1254 1000 1293 Ave,
1027 1254 1136 1284 sancta
1163 1253 1297 1294 domina,

967 1300 1052 1331 zelus
1078 1300 1261 1338 animarum,

920 1346 986 1378 Nos
1014 1348 1053 1379 de
1077 1347 1168 1378 malis
1192 1347 1331 1378 liberans

966 1394 1076 1426 harum
1100 1394 1312 1435 tenebrarum,

918 1440 1058 1473 Devotos
1082 1441 1207 1473 inebria

967 1487 1056 1520 fonte
1079 1489 1260 1531 gratiarum,

919 1535 965 1567 Ut
989 1544 1116 1567 mensae
1140 1535 1359 1567 accumbamus

967 1582 1040 1623 agni
1065 1583 1237 1622 epularum.

918 1659 998 1698 Ave,
1024 1658 1085 1690 Dei
1108 1659 1221 1700 gratia,

966 1706 1070 1737 lumen
1095 1707 1246 1746 paradisi,

921 1753 986 1785 Ver
1011 1756 1042 1784 et
1067 1756 1170 1785 aestas
1196 1753 1325 1795 gloriae,

966 1804 1000 1831 ut
1025 1800 1100 1840 quid
1126 1803 1157 1831 te
1183 1799 1313 1833 dimisi?

919 1847 978 1886 Sis,
1006 1856 1131 1888 quaeso,
1157 1848 1337 1880 misericors

964 1895 998 1927 in
1021 1895 1082 1935 his,
1107 1904 1188 1935 quae
1212 1896 1363 1935 commisi,

919 1942 1004 1974 Fons
1029 1943 1276 1983 misericordiae,

964 1994 997 2022 ut
1023 1998 1118 2029 saepe
1141 1991 1301 2031 praemisi.

916 2066 995 2107 Ave,
1022 2066 1219 2099 admirabilis

963 2123 1020 2153 per
1045 2114 1105 2145 hoc
1124 2115 1316 2155 universum,

917 2160 1072 2194 Occidens
1097 2162 1263 2203 oriensque

964 2210 1083 2241 caelum
1110 2218 1168 2251 per
1192 2213 1418 2253 transversum,

916 2256 972 2289 Me
993 2257 1158 2298 indignum
1183 2259 1277 2291 ablue

962 2303 1103 2337 faecibus
1130 2306 1317 2345 demersum,

917 2352 1003 2384 Hine
1026 2353 1068 2385 ad
1094 2354 1211 2385 caelum
1239 2353 1328 2385 eleva

964 2401 1062 2433 lotum
1088 2404 1119 2432 et
1144 2404 1315 2434 extersum.
