1650 2612
182 227 235 258 35.

180 443 235 475 36.

182 660 237 692 37.

181 877 237 910 38.

180 1095 235 1127 39.

176 1311 233 1343 40.

176 1528 231 1560 41.

176 1736 232 1767 42.

689 131 945 167 -179-

265 224 386 268 Gaude,
413 226 533 258 caelum
556 227 710 268 spiritale,

265 272 425 305 Summum
450 273 673 319 intellectuale,

263 320 312 352 Tu
336 329 426 353 mons
451 320 506 352 ille
530 331 592 354 non
617 322 743 367 incisus,

263 368 311 399 Tu
336 367 481 400 caelestis
504 369 682 408 paradisus.

263 442 387 486 Gaude,
413 445 525 487 mater,
550 444 639 484 virgo
664 455 749 483 vera,

260 490 350 522 Doce
373 493 480 521 mente
504 500 554 522 me
577 492 701 525 sincera

261 537 337 569 Sion
361 545 487 577 semper
511 539 685 580 recordari,

262 584 336 616 Non
362 585 402 616 de
427 585 543 617 mundo
567 586 724 619 meditari.

266 658 388 701 Gaude⁷
413 660 487 691 novi
511 664 612 692 mater
635 662 750 700 Adam,

264 706 368 750 Cuius,
394 715 517 749 precor,
543 711 579 739 ut
603 710 733 741 evadam

262 754 299 785 In
324 763 375 785 me
396 753 511 785 iustam
533 755 695 795 ultionem,

261 801 324 833 Pro
350 810 400 833 me
424 801 542 833 reddas
567 803 731 837 rationem.

263 877 386 915 Gaude,
411 878 512 908 mater
536 878 675 920 pietatis,

262 924 325 955 Per
349 927 381 955 te
405 926 531 955 nostrae
558 925 718 957 caecitatis

261 971 334 1003 Nox
358 974 393 1002 ut
419 971 486 1002 dies
510 971 696 1012 illustretur,

260 1018 382 1050 Malum
408 1027 500 1049 omne
523 1019 736 1058 propulsetur.

262 1093 383 1136 Gaude,
412 1093 506 1133 digna
530 1094 720 1135 praedicari,

261 1140 333 1172 Non
358 1150 407 1172 me
430 1140 514 1171 sinas
539 1141 738 1181 supplantari

258 1187 303 1219 Et
323 1197 364 1219 ne
388 1190 482 1219 ruant
506 1188 546 1219 ad
573 1196 729 1227 excessus,

257 1234 350 1266 Meos
375 1243 458 1274 rege,
484 1234 582 1274 virgo,
608 1243 744 1275 gressus.

261 1309 384 1352 Gaude,
409 1309 514 1341 lumen
540 1310 626 1343 caelo
653 1311 769 1352 datum,

259 1358 350 1399 Veta,
376 1358 474 1396 virgo,
500 1366 541 1388 ne
565 1360 730 1397 peccatum

261 1404 374 1436 Verbis
399 1413 510 1445 parem
535 1413 696 1447 excusare,

258 1452 346 1484 Doce
369 1453 507 1491 linguam
531 1451 726 1487 refraenare.

261 1527 382 1568 Gaude,
401 1527 499 1569 virgo,
520 1528 561 1558 da
576 1530 649 1567 post
665 1528 783 1559 luctum

258 1574 373 1606 Mundi
389 1574 481 1606 huius
498 1574 572 1606 hinc
586 1576 781 1618 conductum,

257 1621 378 1654 Phoebi
402 1621 492 1652 vultu
515 1622 650 1653 clariora

257 1669 312 1700 Me
336 1669 447 1701 videre
472 1668 589 1700 Christi
615 1678 681 1701 ora.

260 1735 382 1776 Gaude,
409 1743 517 1776 regum
542 1735 607 1766 alta
630 1736 746 1778 proles,

260 1783 308 1815 Tu
333 1792 394 1825 me,
420 1782 520 1825 virgo,
545 1783 626 1814 sieut
651 1783 743 1821 soles,

256 1831 310 1863 Ad
335 1834 367 1862 te
392 1831 481 1862 salva
505 1829 687 1869 fugientem,

257 1878 358 1910 Serva
380 1877 439 1910 tibi
459 1877 687 1917 procidentem.

858 229 913 262 43.

857 447 915 478 44.

858 664 913 696 45.

855 881 911 912 46.

854 1096 910 1127 47.

855 1313 908 1345 48.

852 1529 907 1562 49.

941 229 1062 271 Gaude,
1088 228 1182 261 arbor
1206 229 1283 261 mire
1310 230 1405 273 culta,

940 277 1036 317 Virgo
1061 277 1183 317 pollens
1207 277 1303 308 laude
1326 278 1434 316 multa,

940 325 977 356 In
996 333 1085 364 quam
1104 323 1189 355 Deus
1205 333 1273 355 cum
1290 323 1463 364 descendit,

938 371 1080 404 Foedum
1106 371 1185 402 nihil
1211 371 1430 410 deprehendit.

942 447 1062 487 Gaude,
1087 447 1171 486 luna,
1199 455 1279 486 quae
1304 446 1446 486 ructasti,

940 494 1043 526 Suave
1067 495 1181 531 lumen,
1209 494 1292 533 quod
1319 493 1460 534 gustasti,

941 541 986 573 Et
1007 541 1041 572 in
1066 541 1154 572 caelo
1183 543 1287 572 mente
1311 540 1374 572 fixa

941 588 1041 620 Stella
1065 588 1163 620 solem
1190 597 1222 619 es
1245 588 1347 621 enixa.

941 662 1062 705 Gaude,
1089 662 1213 694 botrum
1238 661 1343 694 ferens
1369 662 1452 701 vitis,

938 710 1000 741 Per
1026 719 1116 750 quam
1142 709 1249 740 mundi
1271 710 1363 748 pulsa
1382 709 1462 751 sitis,

939 757 1006 788 Lux
1034 761 1082 789 est
1106 756 1206 787 caecis
1230 759 1406 788 restaurata

937 804 982 835 Et
1005 804 1136 836 libertas
1160 803 1274 835 vinctis
1301 804 1384 837 data.

938 879 1059 921 Gaude,
1086 878 1150 909 elix
1173 879 1206 909 in
1228 881 1376 918 septenas

938 926 1056 966 Sparsa
1080 925 1199 965 stellaS,
1226 934 1306 965 quae
1330 934 1456 957 serenas

936 973 1089 1005 Mundum
1116 981 1153 1003 ex
1179 976 1210 1002 te
1233 973 1303 1003 luce
1327 982 1418 1013 pura,

936 1020 1022 1051 Luce
1046 1028 1203 1058 nunquam
1228 1027 1387 1052 occasura.

937 1095 1057 1136 Gaude,
1084 1102 1187 1125 rerum
1214 1097 1325 1133 potens
1352 1095 1437 1135 diva,

934 1142 1066 1173 Mensae
1090 1141 1152 1172 Dei
1177 1144 1210 1172 tu
1234 1141 1375 1182 conviva,

934 1189 983 1220 Tu
1006 1188 1176 1221 medullam
1201 1188 1242 1219 da
1266 1187 1414 1220 frumeuti

933 1235 1025 1276 Mihi,
1052 1237 1151 1275 virgo,
1177 1238 1209 1266 te
1229 1236 1361 1274 petenti.

935 1311 1057 1351 Gaude,
1083 1313 1150 1342 tota
1175 1311 1357 1352 candidata,

936 1359 1043 1399 Virgo,
1071 1358 1120 1389 cui
1145 1362 1327 1397 comparata

935 1405 1026 1437 Luna
1050 1406 1141 1445 nigra
1165 1408 1340 1445 reputatur,

934 1452 988 1484 Sol
1015 1462 1083 1484 cum
1109 1452 1210 1484 stellis
1236 1453 1431 1484 obscuratur.

935 1528 1054 1571 Gaude,
1083 1528 1183 1569 virgo,
1210 1536 1289 1567 quae
1312 1527 1443 1560 laetaris

936 1575 980 1607 Et
1005 1575 1167 1608 exsultans
1192 1575 1340 1615 gloriaris

934 1623 984 1654 De
1007 1625 1157 1654 virtutum
1182 1625 1231 1654 tot
1254 1624 1420 1662 unguentis

933 1670 972 1701 In
997 1669 1094 1703 cubili
1118 1672 1191 1701 tuae
1214 1670 1339 1704 mentis,

854 1737 908 1768 50.
937 1735 1057 1776 Gaude,
1084 1735 1172 1767 sidus
1195 1736 1381 1776 principale,

937 1783 1032 1815 Alma
1056 1783 1118 1815 Dei
1141 1786 1253 1823 mater,
1279 1784 1359 1827 vale,

938 1831 975 1862 In
1000 1834 1163 1862 aeternum
1188 1833 1385 1862 aeternorum

937 1877 1042 1918 Digna
1067 1886 1144 1909 sono
1170 1878 1395 1917 cymbalorum,

235 1954 324 1982 Scala
351 1953 426 1982 caeli
454 1961 529 1980 saec.
557 1950 600 1980 14.
627 1962 669 1980 ex.
711 1952 779 1981 Cod.
802 1952 925 1988 Pragen.
954 1954 1028 1981 XHI
1047 1953 1073 1980 E
1098 1950 1124 1980 3.
1145 1953 1179 1980 A.
1202 1968 1236 1972 —
1259 1954 1327 1981 Cod.
1349 1953 1462 1982 Car-ols-

158 1993 262 2020 ruhan.
292 1992 416 2029 Augien.
448 1989 493 2019 36.
520 1999 596 2019 saec.
627 1989 701 2019 14115.
725 1993 757 2019 Β.
783 2004 820 2008 —
846 1989 917 2017 Clm.
944 1992 1096 2019 Monaeen.
1123 1989 1171 2025 (ol.
1196 1990 1354 2027 Andecen.)
1378 1989 1461 2020 3012.

158 2039 233 2058 saec.
256 2028 300 2057 15.
322 2030 352 2058 C.
374 2043 412 2049 —-
434 2029 502 2057 Ood.
522 2029 668 2057 Mellicen.
690 2027 753 2057 935.
775 2037 849 2056 saec.
875 2027 918 2056 15.
940 2030 977 2057 D.
996 2044 1035 2048 —
1055 2029 1123 2057 Cod.
1138 2030 1260 2057 Paulan.
1276 2029 1460 2058 Sanblasian.

156 2070 260 2097 memb.
281 2066 327 2096 25.
353 2076 428 2096 saec.
453 2065 495 2095 15.
512 2068 548 2095 E.
570 2081 606 2085 —
630 2067 1033 2103 Cod.Paulan.Hospita1en.
1056 2070 1124 2095 cart.
1145 2065 1209 2095 326.
1227 2076 1301 2096 saec.
1319 2066 1362 2095 15.
1377 2069 1408 2096 F.
1424 2082 1459 2086 -

160 2106 229 2134 Οοᾶ.
252 2107 444 2134 Cremifanen.
466 2103 530 2133 270.
552 2114 627 2133 saec.
650 2104 692 2132 15.
714 2106 748 2134 G.
768 2119 807 2124 —
829 2104 897 2132 Cod.
918 2106 1093 2133 Lambacen.
1113 2103 1178 2133 463.
1200 2114 1275 2134 saec.
1298 2104 1342 2133 15.
1362 2107 1402 2134 H
1424 2120 1459 2125 -—

159 2145 229 2173 eod.
250 2144 280 2173 S.
300 2145 383 2173 Petri
403 2143 557 2180 salisburg
559 2152 602 2171 en.
623 2144 651 2171 b.
671 2144 686 2171 I
705 2141 750 2171 20.
771 2151 846 2170 saec.
870 2142 956 2171 15.1.
977 2158 1014 2163 —
1035 2143 1105 2172 eod.
1119 2144 1276 2172 Voravien.
1298 2142 1363 2173 323.
1384 2153 1460 2172 saec.

160 2181 203 2210 15.
224 2184 261 2211 K.
282 2197 318 2202 —
339 2183 407 2211 Cod.
423 2182 596 2210 Admonten
618 2179 682 2209 746.
704 2189 781 2209 saec.
798 2179 840 2208 15.
857 2181 889 2208 L.
910 2198 947 2202 —
968 2182 1045 2210 Orat.
1067 2190 1119 2210 ms.
1133 2182 1175 2209 Te
1176 2184 1312 2218 gurinum
1325 2191 1399 2211 saec.
1416 2180 1460 2211 15.

159 2220 231 2248 Clm.
252 2222 406 2249 Monacen.
425 2218 527 2248 20001.
547 2221 588 2247 M.
609 2234 645 2238 —
667 2219 746 2247 Orat.
766 2228 819 2246 ms.
841 2220 1019 2256 Tegminum
1039 2192 1459 2249 saec.15.gClm.Monacen.

161 2257 262 2287 20005.
277 2260 313 2287 N.
335 2275 370 2279 —
393 2259 465 2288 Clm.
479 2259 631 2286 Monacen.
654 2255 702 2292 (01.
723 2256 773 2286 SS.
788 2257 920 2285 Udalrici
941 2261 970 2286 et
982 2257 1078 2294 Afrae)
1092 2255 1174 2286 3702.
1192 2260 1262 2286 anni
1277 2257 1359 2287 1469.
1375 2260 1409 2288 Ο.
1423 2273 1459 2277 -

158 2297 230 2325 ΟΙιιι.
251 2298 403 2326 Monaeen.
424 2296 472 2332 (ol.
493 2296 591 2324 Pollin
593 2295 670 2332 g.en)
695 2293 803 2324 11922.
826 2298 895 2323 anni
917 2294 998 2324 1501.
1019 2297 1051 2324 Ρ.
1079 2311 1116 2316 —
1144 2297 1215 2325 Clm.
1235 2298 1388 2325 Monacen.
1413 2294 1461 2332 (01.

154 2336 196 2363 Te
197 2336 304 2372 gurin.)
330 2334 436 2364 19636.
463 2343 538 2363 saec.
568 2305 612 2362 15g.

155 2375 226 2401 anni
253 2372 334 2402 1404.
359 2375 393 2402 R.
420 2388 459 2393 —
486 2373 565 2401 Orat.
591 2382 643 2401 ms.
671 2371 769 2401 Carth.
790 2373 920 2408 Magunt.
942 2381 1016 2401 saec.

641 2335 674 2369 Q.
702 2349 739 2353 —
765 2333 1330 2367 OlmMonacen.‘01.Emmeramen
1358 2332 1461 2363 14538.

1040 2372 1114 2403 ¹4l15
1155 2373 1223 2401 Cod.
1244 2374 1314 2410 Mag
1315 2375 1409 2402 untin.
1429 2373 1460 2401 Π

155 2409 219 2441 151.
246 2411 275 2441 S.
302 2428 338 2432 —
366 2413 445 2442 Orat.
473 2420 525 2440 ms.
547 2411 645 2440 Carth.
671 2410 834 2440 Erfordien.
864 2419 940 2441 saec.
964 2409 1007 2441 15.
1029 2410 1244 2448 (Privatbesitz)
1262 2412 1296 2440 Τ.
1322 2428 1358 2432 -
1384 2411 1454 2441 ΟΙιιι.

1232 2457 1289 2490 12*
