1650 2612
169 202 225 235 31.

170 523 224 555 32.

168 845 223 876 33.

166 1165 220 1196 34.

167 1485 221 1517 35.

165 1807 220 1839 36.

164 2141 218 2175 37.

679 113 939 150 —129—

251 202 333 243 Ave,
356 212 441 244 rosa,
463 206 553 237 vultu
575 205 660 238 laeto

252 249 301 282 Tu
327 252 359 281 et
382 251 438 282 ille
461 251 493 283 in
518 256 641 285 secreto

300 296 377 328 Cum
403 299 514 330 essetis
539 300 667 338 pariter,

251 343 351 384 Tunc⁷
377 348 413 375 ut
437 354 519 387 reor,
545 348 633 378 tactu
659 348 776 381 blando

252 390 356 430 Caput
379 400 505 424 sacrum
529 394 701 427 osculando

298 437 509 471 Demulcebas
535 440 680 474 dulciter.

253 524 330 566 Ave,
358 532 441 564 rosa⁷
468 526 661 566 memoreris,

253 569 330 603 Cum
358 571 523 603 docentem
548 574 724 611 sequereris

299 618 362 649 Per
385 618 479 650 urbes
503 622 535 650 et
558 619 688 661 viculos,

252 663 402 697 Caritatis
427 666 467 697 ad
494 665 617 705 insigne

250 712 302 743 Ad
333 714 364 742 te
391 712 502 744 crebro
524 722 616 752 quam
642 713 776 755 benigne

300 759 418 790 Dulces
442 758 532 791 flexit
555 760 672 792 oculos.

250 844 330 884 Ave,
357 852 440 884 rosa,
465 845 645 885 recordare,

251 891 349 929 Quam
374 891 513 923 iucunda
537 892 710 931 sequebare

297 937 539 970 Praedicantem
565 937 674 980 filium,

248 985 334 1016 Rosa
358 994 449 1017 rosae
474 986 580 1017 stabas
605 986 722 1028 iuncta,

251 1031 314 1063 Vix
336 1031 421 1063 inter
445 1041 501 1064 vos
528 1032 589 1064 duo
614 1035 741 1074 puncta,

297 1079 414 1110 Procul
439 1088 530 1111 omne
554 1079 701 1112 medium.

248 1165 328 1204 Ave,
354 1172 438 1204 rosa,
464 1172 583 1195 memor
607 1166 684 1203 esto,

249 1210 347 1249 Quam
374 1210 488 1242 devota
511 1211 592 1250 iugis
617 1213 744 1249 praesto

295 1257 475 1289 Assistebas
498 1257 574 1297 filio,

247 1303 321 1336 Miti
346 1304 412 1335 eius
438 1304 506 1336 visu
527 1302 591 1336 fixa

249 1351 447 1384 Cohaerebas
471 1351 520 1383 illi
540 1351 615 1384 nixa

293 1398 388 1430 Dulci
411 1399 504 1430 nimis
528 1399 645 1432 studio,

248 1485 328 1524 Ave,
354 1492 437 1523 rosa,
464 1483 652 1525 recorderis,

247 1530 323 1563 Cum
349 1533 511 1562 maternae
533 1532 719 1571 pungereris

294 1577 428 1609 Pietatis
452 1578 585 1618 spiculo,

247 1626 286 1658 In
313 1624 429 1657 dilecto
455 1634 547 1664 quam
574 1625 698 1665 dilecte,

248 1672 387 1703 Visionis
413 1681 506 1712 quam
532 1678 657 1703 erectae

294 1719 484 1759 Quiescebas
506 1719 607 1752 oculo.

247 1807 318 1838 Ave
342 1813 424 1845 rosa,
451 1805 557 1836 vultus
580 1804 637 1835 ille

250 1852 402 1887 Caritatis
428 1852 485 1883 tibi
511 1851 599 1883 mille

294 1899 422 1931 Evulsit
446 1899 593 1940 suspiria,

248 1948 282 1981 Si
309 1947 442 1980 carebas
467 1947 523 1979 illo
548 1944 636 1987 flore,

246 1995 324 2028 Mox
349 1995 522 2035 languebas
547 2002 626 2034 prae
651 2003 768 2035 amore,

293 2042 486 2075 Premebant
513 2041 651 2075 fastidia.

247 2141 327 2179 Ave,
354 2147 437 2180 rosa,
464 2138 576 2178 procul
602 2137 687 2168 clare

245 2187 329 2219 Dum
355 2195 493 2218 amorem
519 2185 581 2217 scis
606 2193 724 2225 amare,

295 2233 441 2274 Diligens
468 2232 622 2274 diligeris,

247 2281 307 2313 Ille
332 2290 430 2320 amor,
456 2284 491 2313 tu
514 2283 630 2320 amata,

245 2328 384 2361 Multum
408 2338 528 2370 amans,
555 2327 611 2359 sed
637 2327 732 2359 beata

293 2376 338 2407 Et
361 2376 402 2408 ab
427 2377 484 2408 illo
510 2376 658 2408 vinceris.

205 2436 226 2460 Ι)
232 2443 244 2458 r
250 2441 262 2458 e
269 2440 301 2457 ve
309 2441 321 2457 s
330 2451 336 2460 .
352 2435 474 2459 Psalteria
489 2432 643 2464 Rhythmica.
675 2434 695 2457 I.

830 211 885 242 38.

830 529 884 560 39.

827 848 882 880 40.

824 1165 879 1197 41.

825 1486 880 1518 42.

827 1805 882 1838 43.

830 2137 885 2170 44.

912 210 991 251 Ave,
1016 217 1099 249 rosa,
1123 206 1182 240 flos
1206 216 1396 248 camporum,

912 257 988 290 Cum
1013 258 1159 296 paterent
1181 255 1370 287 1udaeorum

956 304 1101 336 Fraudes
1127 305 1158 333 et
1183 302 1313 340 malitia,

912 351 995 390 Quas
1020 349 1168 382 texebant
1190 352 1244 381 tuo
1268 352 1353 390 nato,

912 398 1016 430 Corde
1039 397 1107 429 ibas
1133 397 1296 428 vulnerato

956 444 1122 485 Languens
1148 453 1225 484 prae
1249 442 1390 475 tristitia.

911 529 989 568 Ave,
1016 537 1097 570 rosa,
1124 536 1206 559 nunc
1231 530 1279 559 est
1304 528 1390 568 hora,

910 575 956 608 Ut
981 575 1159 614 depromam
1186 575 1254 606 sine
1278 582 1365 605 mora

955 621 1118 653 Passionis
1142 622 1296 661 ordinem,

910 667 971 700 Sed
998 677 1084 700 mens
1110 669 1191 699 votis
1215 669 1398 708 reluctatur,

908 715 991 747 Dum
1018 715 1135 747 doloris
1159 715 1332 748 meditatur

956 762 1089 794 Tantam
1115 762 1377 794 maestitudinem.

907 846 987 887 Ave,
1013 855 1095 886 rosa,
1120 851 1205 877 sorte
1232 846 1310 877 dura

907 894 1029 932 Quanto
1050 895 1147 934 aestu,
1175 895 1291 932 quanta
1317 901 1392 925 cura

955 941 1069 972 Pectus
1094 942 1181 971 tuum
1201 940 1314 980 uritur,

906 986 966 1018 Dei
993 987 1131 1026 verbum,
1158 986 1219 1017 Dei
1243 995 1352 1018 sensus

909 1033 1105 1071 vinculatur,
1130 1031 1313 1064 indefensus

955 1080 1032 1112 Cum
1058 1079 1099 1111 ad
1126 1082 1258 1111 mortem
1283 1079 1429 1113 trahitur.

905 1165 986 1205 Ave,
1012 1174 1095 1204 rosa,
1121 1164 1215 1195 turba
1239 1166 1320 1196 teste

906 1212 990 1243 Dum
1014 1212 1138 1243 ridetur
1162 1210 1291 1242 verbum
1319 1212 1407 1243 veste

952 1259 1111 1290 Amictum
1134 1266 1305 1298 purpurea,

906 1305 987 1336 Dum
1014 1313 1129 1337 corona
1155 1306 1250 1344 caput
1266 1304 1428 1343 blandum,

907 1351 1067 1384 Oreaturis
1092 1351 1299 1392 adorandum,

954 1399 1140 1431 Perforatur
1164 1399 1284 1437 spinea,

909 1487 987 1524 Ave,
1013 1493 1095 1523 rosa.
1124 1491 1233 1514 carens
1259 1493 1342 1524 vere,

907 1532 990 1564 Dum
1015 1532 1161 1564 ludentes
1184 1531 1315 1563 illusere

955 1579 1016 1611 Dei
1040 1578 1225 1618 sapientiae,

909 1626 1071 1659 Celsitudo
1098 1625 1170 1657 dum
1197 1628 1357 1665 curvatur,

908 1673 993 1705 Dum
1018 1672 1160 1705 sublimis
1184 1673 1356 1705 inclinatur

955 1720 1108 1752 Maiestas
1134 1720 1284 1751 malitiae.

909 1806 987 1847 Ave,
1015 1814 1097 1845 rosa,
1125 1804 1226 1836 dulcis
1250 1805 1340 1837 Iesus

909 1852 992 1884 Dum
1019 1850 1153 1892 flagellis
1179 1852 1289 1883 sordet
1314 1860 1434 1891 caesus,

956 1899 1039 1931 Dum
1063 1901 1153 1939 patet
1178 1899 1327 1939 ludibrio,

909 1947 993 1978 Dum
1018 1947 1160 1979 calcatur
1185 1946 1224 1978 ab
1250 1945 1400 1987 infandis,

909 1994 1037 2026 Vultum
1044 1994 1167 2027 dulcem
1174 1993 1248 2025 dum
1255 1996 1318 2026 tam
1325 1995 1455 2036 grandis

956 2042 1068 2081 Operit
1092 2040 1243 2075 confusio.

911 2137 991 2177 Ave,
1018 2146 1100 2177 rosa,
1128 2145 1196 2168 cum
1220 2137 1364 2177 decoruS,

911 2184 1008 2223 Quem
1020 2185 1177 2217 caelorum
1187 2185 1299 2217 laudat
1309 2186 1433 2226 chorus,

957 2232 1071 2264 Vultus
1096 2232 1211 2272 pugnis
1238 2234 1389 2276 caeditur,

911 2279 992 2311 Dum
1019 2278 1167 2312 foedatur
1193 2281 1298 2312 vultus
1323 2280 1390 2321 ille,

912 2327 1009 2366 Quem
1023 2337 1083 2360 non
1099 2330 1236 2367 aequant
1246 2328 1330 2360 soles
1339 2328 1436 2368 mille,

960 2375 1065 2415 Sputis
1093 2375 1166 2408 dum
1191 2374 1337 2410 illinitur.
