1650 2612
202 233 254 267 17.

195 463 249 496 18.

196 691 251 722 19.

195 918 250 949 20.

194 1142 248 1174 21.

191 1370 247 1401 22.

193 1597 247 1629 23.

194 1825 248 1857 24.

190 2049 245 2081 25.

193 2271 248 2303 26.

703 144 958 180 —195—

284 235 361 276 Ave,
387 235 624 270 misericordiae

276 282 392 325 Mater,
420 283 470 314 cui
493 284 632 317 iustitiae

276 330 389 362 Portas
415 333 506 362 natus
532 334 666 375 aperuit,

276 377 335 415 Qui
362 377 402 409 de
426 380 458 408 te
482 380 571 410 nasci
594 381 704 413 voluit.

275 463 355 504 Ave,
382 472 462 504 quae
486 464 554 495 sine
578 467 702 498 macula

278 508 378 551 Virgo
403 519 511 543 manes
536 512 568 543 in
593 514 728 555 saecula,

276 557 382 589 Limes
406 557 485 597 legis
511 561 543 589 et
564 560 694 602 gratiae,

276 604 422 637 Summae
446 614 562 644 parens
586 606 737 641 iustitiae.

277 691 356 732 Ave,
384 698 463 730 quae
490 691 529 722 de
553 691 692 723 incolatu

274 737 388 769 Mundi
414 737 505 768 huius
532 741 563 768 et
587 741 676 770 reatu

275 785 328 816 Ad
351 785 485 825 quietem
512 786 692 827 ascendisti,

276 832 371 865 Cuius
395 840 458 872 pax
477 834 526 863 est
544 833 647 864 vultus
666 833 795 867 Christi.

276 917 359 952 Ave,
385 916 471 948 cuius
497 918 647 949 auxilium

276 963 372 1004 Deus,
399 966 522 995 creator
546 965 692 1005 omnium,

277 1010 354 1049 Fac,
381 1019 439 1051 per
464 1014 496 1042 te
520 1020 582 1042 non
608 1012 787 1045 obdormiat

278 1057 378 1089 Nobis
403 1066 522 1097 nosque
547 1060 712 1092 custodiat.

274 1142 359 1181 Ave,
385 1142 484 1181 virgo,
511 1151 601 1181 quam
628 1143 796 1176 laetantem

273 1189 317 1220 Et
340 1190 373 1220 in
400 1188 491 1221 domo
516 1188 576 1220 Dei
601 1192 738 1221 stantem

278 1235 355 1267 Cum
381 1244 493 1275 magna
517 1238 698 1268 reverentia

275 1282 458 1315 Circumdat
483 1283 563 1314 caeli
588 1285 685 1316 curia.

274 1369 356 1408 Ave,
382 1370 494 1409 mater,
521 1377 613 1408 quam
638 1372 762 1401 tuorum

275 1416 385 1448 Fletus
411 1418 514 1446 movet
537 1414 673 1448 filiorum

273 1463 332 1501 Qui
357 1471 513 1502 pauperes
535 1463 566 1494 in
596 1464 739 1495 omnibus

275 1510 405 1541 Probris
430 1512 506 1540 sunt
529 1510 772 1543 abundantibus.

279 1597 354 1635 Ave,
381 1597 500 1635 sancta,
528 1604 607 1635 quae
626 1598 798 1628 torrentem

277 1642 369 1674 Vitae
393 1642 484 1673 huius
511 1641 698 1674 defluentem

275 1689 434 1729 Superans
460 1698 518 1729 per
544 1691 723 1721 venantium

274 1737 355 1769 Rete
380 1736 479 1769 trahis
505 1737 547 1769 ad
573 1737 727 1770 bravium.

275 1825 355 1864 Ave,
381 1822 470 1863 virgo
497 1831 588 1862 quam
610 1832 672 1854 non
689 1824 797 1866 movit,

272 1870 432 1910 Quidquid
449 1878 600 1909 praesens
618 1871 683 1902 vita
699 1871 797 1911 novit,

272 1919 309 1951 In,
335 1926 442 1950 amore
465 1926 674 1956 supernorum

272 1967 406 2006 Semper
430 1964 494 1997 fixa
519 1966 713 2005 gaudiorum.

276 2048 353 2088 Ave,
380 2054 460 2087 quae
486 2046 548 2077 iam
574 2046 751 2085 manipulos

271 2095 358 2128 Ante
385 2093 510 2126 divinos
536 2094 642 2125 oculos

271 2144 396 2183 Portas,
422 2141 515 2173 metis
542 2140 697 2182 hilariter,

272 2191 359 2230 Quae
383 2188 532 2231 sparsisti
556 2188 727 2221 humiliter.

274 2271 354 2311 Ave,
383 2269 470 2302 cuius
496 2269 658 2300 hereditas

274 2318 461 2351 Sanctorum
487 2319 536 2349 est
557 2315 705 2356 felicitas,

273 2366 372 2405 Quam
400 2365 558 2398 dormiens
583 2365 616 2396 in
642 2364 776 2396 Domino

270 2414 418 2447 Possides
444 2413 513 2445 sine
536 2413 681 2447 terminO.

871 243 926 275 27.

873 469 927 501 28.

871 696 927 727 29.

871 921 925 952 30.

870 1145 924 1178 31.

869 1374 923 1405 32.

871 1600 925 1631 33.

871 1825 925 1857 34.

871 2047 925 2079 35.

870 2270 924 2303 36.

952 243 1030 281 Ave,
1058 241 1144 280 virgo
1170 240 1347 280 benedicta,

955 290 1168 329 Congruenter
1193 287 1267 319 Sion
1295 287 1389 325 dicta,

954 336 1054 368 Deum
1078 343 1210 374 namque
1235 335 1418 374 specularis,

954 384 1020 422 Quo
1046 382 1178 414 fruendo
1203 382 1382 422 gratularis.

954 469 1033 510 Ave,
1061 467 1147 506 virgo
1172 467 1326 506 speciosa,

953 516 1100 551 Humilis,
1127 522 1187 545 non
1215 515 1385 554 cervicosa,

954 562 1049 595 Cuius
1074 561 1183 593 labore
1208 561 1320 592 messio

954 609 1048 640 Caret
1068 608 1160 640 simul
1186 610 1218 639 et
1241 608 1356 641 taediO.

952 695 1031 732 Ave,
1057 695 1159 725 mater
1183 695 1311 724 sanctae
1336 693 1415 735 spei,

952 741 1037 779 Quae
1061 741 1182 772 intenta
1208 740 1302 771 verbo
1329 740 1389 771 Dei

952 788 1195 827 Redemptorem
1220 787 1406 829 sustinebas,

953 835 1048 874 Quem
1073 836 1216 866 veturum
1241 834 1453 873 praesciebas,

953 922 1030 958 Ave,
1058 919 1145 950 cuius
1171 927 1225 949 cor
1250 918 1375 949 beatum

953 966 1118 1005 Nunquam
1145 964 1205 995 fuit
1230 965 1412 1006 exaltatum,

950 1013 1068 1052 Magna
1093 1021 1222 1051 parvam
1248 1014 1280 1042 te
1304 1012 1423 1050 putasti

953 1059 1021 1091 Nec
1044 1060 1077 1090 in
1103 1059 1221 1098 magnis
1247 1059 1424 1092 ambulasti.

950 1145 1029 1183 Ave,
1057 1145 1203 1182 clemens,
1232 1144 1342 1184 dulcis,
1368 1147 1432 1183 pia,

951 1192 1039 1231 Quod
1061 1190 1222 1231 praedixit
1246 1190 1423 1232 prophetia,

952 1238 1053 1277 Super
1075 1237 1182 1269 sedem
1208 1238 1309 1276 patris
1334 1238 1381 1269 sui

951 1285 1049 1317 Sedet
1072 1283 1194 1316 fructus
1221 1285 1339 1316 ventris
1365 1285 1420 1318 tui.

950 1371 1029 1409 Ave,
1055 1369 1150 1410 plena
1175 1369 1314 1400 bonitate

950 1418 995 1450 Et
1019 1417 1160 1449 fraterna
1186 1417 1327 1453 caritate,

951 1465 998 1497 Ut
1021 1466 1178 1504 unguento
1205 1467 1236 1494 te
1260 1462 1412 1503 perfudit,

950 1513 1008 1551 Qui
1032 1512 1064 1543 in
1085 1510 1226 1542 Hermon
1251 1520 1353 1543 rorem
1379 1510 1474 1543 fudit.

953 1599 1031 1636 Ave,
1060 1597 1169 1628 domus
1194 1596 1377 1635 electorum,

952 1645 988 1676 In
1005 1654 1066 1684 qua
1079 1646 1189 1674 sancta
1199 1648 1272 1675 sunt
1281 1647 1471 1684 sanctorum,

951 1692 1004 1723 Ad
1036 1699 1128 1731 quam
1153 1699 1262 1722 manus
1289 1691 1476 1723 extollentes

951 1739 1099 1770 Laudant
1116 1737 1213 1769 Deum
1231 1747 1337 1769 omnes
1355 1741 1474 1778 gentes.

951 1824 1032 1862 Ave,
1060 1824 1100 1855 de
1125 1831 1186 1862 qua
1209 1831 1266 1854 rex
1291 1824 1421 1863 prodiit,

950 1871 1010 1910 Qui
1036 1871 1231 1903 Pharaonem
1257 1870 1354 1911 feriit,

953 1918 1032 1950 Suos
1054 1917 1179 1950 salvans
1205 1918 1244 1949 ab
1269 1919 1423 1960 hostibus,

952 1966 1034 2005 Quos
1058 1965 1193 1997 involvit
1216 1966 1249 1997 in
1274 1964 1431 2000 fluctibus,

952 2047 1032 2088 Ave,
1050 2046 1208 2079 Christum
1233 2055 1313 2087 quae
1338 2047 1475 2087 lactasti,

953 2093 1048 2126 Cuius
1073 2102 1167 2126 carne
1192 2103 1248 2126 nos
1275 2094 1399 2135 cibasti,

952 2142 1009 2181 Qui
1035 2147 1070 2173 ut
1094 2141 1181 2173 Deus
1207 2142 1370 2184 adoratur,

952 2189 997 2221 Te
1022 2192 1057 2221 ut
1082 2191 1213 2221 matrem
1239 2193 1418 2224 veneratur.

950 2269 1030 2310 Ave,
1058 2269 1143 2302 cuius
1169 2270 1294 2302 laetitia

950 2317 1061 2349 Dulcis
1086 2315 1147 2349 fuit
1171 2319 1322 2350 memoria

953 2364 1098 2398 Civitatis
1125 2367 1270 2406 egregiae

950 2413 1057 2455 Atque
1081 2422 1237 2454 supernae
1256 2414 1390 2454 patriae.

1245 2467 1303 2499 13*
