1650 2612
177 225 231 259 19.
258 224 380 267 Gaude,
403 237 462 267 per
487 237 580 267 quam
604 230 688 262 facta
714 231 762 260 est

172 633 216 664 20

174 1039 216 1071 21

170 1446 214 1477 22

169 1852 213 1883 23

170 2263 215 2294 24

678 131 936 168 —229—

299 283 389 306 mons
414 277 618 316 ascensionis,

253 321 312 360 Qui
337 331 396 361 pro
421 322 511 354 nobis
537 324 666 355 calicem

302 368 414 400 bibens
438 370 596 409 passionis

257 415 420 448 Convallis
444 416 592 449 fidelibus

301 461 337 493 fit
361 464 561 502 plorationis,

255 510 313 549 Qui
337 518 372 541 se
396 514 522 551 gemunt
542 512 663 544 incolas

304 566 373 588 esse
396 558 581 597 Babylonis.

220 657 229 665 .
256 632 378 676 Gaude,
405 642 464 674 per
488 642 580 673 quam
606 633 756 674 gradibus

301 680 417 712 mentis
437 681 606 720 elevamur,

253 727 336 759 Dum
364 736 383 758 a
408 730 515 759 monte
538 728 691 759 montium

303 783 393 813 opem
419 775 660 816 praestolamur,

255 821 289 853 Si
314 822 432 861 premit
454 822 643 861 adversitas,

301 871 337 899 ut
360 878 423 900 non
450 867 688 911 confundamur,

255 915 290 948 Si
314 917 490 948 succedunt
513 925 677 957 prospera,

302 966 338 994 ut
362 973 424 995 non
451 964 649 996 extollamur.

224 1063 231 1071 .
258 1039 382 1080 Gaude,
408 1039 518 1071 domus
542 1038 681 1075 Domini,

300 1095 423 1125 nosque
447 1085 500 1118 fao
523 1086 688 1124 laetanteS,

253 1133 299 1166 Ut
323 1133 388 1164 sint
412 1134 444 1164 in
469 1133 643 1165 Ierusalem

301 1180 399 1218 pedes
423 1179 524 1211 nostri
549 1182 678 1221 stantes,

254 1228 301 1260 Ut
326 1235 396 1258 cum
419 1227 511 1259 sedes
536 1227 679 1258 sederint

300 1274 452 1305 mundum
475 1273 665 1314 iudicanteS,

252 1321 432 1361 Regnemus
452 1321 485 1352 in
509 1321 615 1360 patria

301 1368 390 1407 pacis
416 1368 656 1407 triumphantes.

218 1470 225 1477 .
254 1444 378 1483 Gaude,
405 1445 520 1476 collum
543 1444 671 1486 gloriae,

301 1491 386 1530 quod
410 1491 609 1533 inhabitavit,

254 1538 385 1577 Quando
412 1538 474 1570 sibi
499 1538 600 1569 deitas

302 1593 427 1616 carnem
453 1585 621 1628 copulavit,

252 1633 315 1665 Per
338 1635 371 1663 te
394 1641 452 1664 nos
477 1632 634 1664 inhabitet

299 1680 380 1720 ipse,
407 1680 461 1719 qui
486 1680 615 1720 creavit,

253 1728 316 1760 Per
340 1735 429 1767 spem
455 1728 564 1759 levans
589 1728 705 1769 oculos,

300 1773 366 1806 fide
391 1783 467 1814 quos
492 1775 649 1814 purgavit.

218 1877 225 1884 .
253 1850 376 1890 Gaude,
402 1859 462 1890 per
487 1858 579 1889 quam
601 1850 704 1891 gratia

298 1897 394 1929 finem
419 1905 540 1937 ponens
565 1897 634 1929 irae

255 1946 443 1978 Torrentem
468 1944 616 1977 miseriae

301 1993 391 2025 dedit
414 1992 621 2033 pertransire,

252 2042 412 2074 Fraudem
439 2041 487 2072 sic
510 2041 691 2072 venantium

297 2092 427 2128 praesta
451 2088 650 2129 praevenire,

250 2137 301 2168 Ne
324 2145 382 2168 nos
408 2136 473 2168 suis
491 2135 612 2175 laqueis

300 2184 426 2223 possint
448 2184 588 2215 irretire.

217 2287 226 2295 .
254 2260 376 2303 Gaude,
403 2261 503 2300 virge,
531 2261 697 2291 conterens

298 2308 420 2348 virgam
440 2310 654 2348 peccatorum,

250 2356 300 2388 Ne
325 2365 421 2388 saeva
448 2355 612 2389 desaeviat

297 2404 331 2435 in
356 2407 474 2436 sortem
499 2403 666 2443 iustorum,

854 447 909 478 25.

854 851 908 883 26.

852 1255 907 1286 27.

855 1660 912 1692 28.

854 2068 909 2100 29.

934 231 972 262 In
997 240 1031 262 se
1052 239 1109 262 nos
1134 230 1318 272 consolidet,

981 277 1034 318 qui
1058 280 1106 308 est
1128 287 1191 317 pax
1216 282 1404 319 sanctorum,

934 325 1026 356 Mons
1052 327 1084 355 et
1107 328 1217 356 vertex
1240 326 1390 357 montium

983 371 1125 405 Christus
1149 375 1357 405 aeternorum.

937 446 1057 486 Gaude,
1086 455 1145 486 per
1169 456 1260 487 quam
1285 446 1362 479 facti
1387 451 1461 480 sunt

982 494 1064 524 sicut
1087 494 1248 536 consolati,

936 540 1019 578 Quos
1041 540 1165 579 primae
1187 541 1326 573 restituit

984 587 1127 619 Christus
1149 588 1300 627 libertati,

935 633 999 665 Per
1022 638 1054 665 te
1078 643 1135 666 nos
1160 635 1199 666 ab
1223 635 1309 666 invio

983 681 1148 713 collustrat
1168 682 1300 726 peccati,

936 727 987 759 Ne
1009 736 1097 759 mens
1121 728 1260 767 praedae
1283 732 1392 768 pateat

983 784 1038 806 seu
1062 775 1248 814 captivitati.

936 849 1057 890 Gaude,
1085 850 1124 882 de
1150 861 1212 891 qua
1236 852 1347 883 caelici

981 898 1037 928 lux
1060 900 1131 929 orta
1153 898 1332 937 splendoris

936 944 1135 975 Dormientes
1161 944 1278 976 excitat

982 1001 1001 1023 a
1025 1000 1132 1023 somno
1156 992 1304 1031 torporiS,

935 1039 1052 1070 Panem
1077 1039 1161 1070 vitae
1184 1039 1362 1078 germinans

981 1094 1156 1124 mannaque
1182 1085 1330 1126 dulcoris,

935 1132 1016 1164 Vero
1041 1135 1127 1163 muta
1150 1132 1264 1172 gaudio

980 1187 1094 1218 panem
1118 1179 1201 1210 hunc
1226 1179 1353 1214 doloriS.

934 1254 1054 1296 Gaude,
1082 1254 1156 1285 vitis
1181 1255 1359 1295 germinans

980 1302 1087 1333 vinum
1112 1302 1260 1340 salutare,

934 1348 1016 1380 Vitis
1041 1349 1126 1380 vitae
1150 1349 1319 1381 Dominum

982 1396 1077 1436 digna
1101 1404 1262 1437 generare,

934 1443 1088 1475 Filiorum
1113 1443 1187 1474 filiis

981 1489 1033 1522 fac
1055 1499 1112 1521 nos
1137 1490 1299 1522 abundare

934 1537 1053 1569 Merita
1078 1537 1156 1569 dans
1180 1538 1301 1569 meritis

981 1593 1075 1624 posse
1099 1586 1267 1618 cumulare.

939 1659 1061 1700 Gaude,
1087 1669 1146 1699 per
1169 1669 1260 1701 quam
1285 1661 1423 1694 hostium

981 1708 1082 1739 virtus
1107 1707 1276 1750 infirmata,

935 1753 974 1785 In
998 1764 1055 1786 nos
1081 1764 1121 1786 ne
1145 1756 1338 1796 praevaleat,

982 1806 1031 1833 est
1053 1805 1085 1832 et
1110 1806 1298 1843 expugnata,

934 1850 1043 1889 Virgo,
1072 1858 1152 1889 quae
1174 1859 1232 1882 nos
1258 1852 1441 1890 aggravant,

984 1897 1106 1928 discute
1129 1900 1271 1938 peccata,

934 1944 984 1976 Ne
1007 1947 1143 1976 mentem
1169 1945 1318 1985 iniquitas

981 1995 1106 2031 premat
1128 1993 1326 2032 prolongata,

937 2067 1058 2108 Gaude,
1084 2069 1149 2100 Dei
1173 2070 1327 2110 genetrix,

982 2116 1071 2156 virgo
1094 2125 1255 2157 generosa,

934 2163 984 2196 De
1007 2161 1176 2203 profundis
1201 2165 1241 2196 acl
1267 2167 1299 2195 te
1324 2174 1410 2197 mens

983 2212 1099 2244 clamat
1122 2220 1318 2251 aerumnosa,

935 2259 998 2291 Per
1021 2262 1053 2290 te
1078 2259 1141 2290 reis
1165 2260 1289 2292 veniam

983 2309 1135 2349 praestet,
1162 2308 1309 2351 gloriosa,

936 2355 1034 2394 Apud
1060 2363 1152 2394 quem
1176 2356 1353 2395 redemptio

986 2406 1098 2443 regnat
1121 2405 1259 2443 copiosa.
