1650 2612
714 139 967 174 —271—

262 230 382 258 Colleet.
404 239 456 258 ms.
478 231 506 258 S.
527 232 640 261 Mariae
659 235 692 261 in
710 235 842 262 Pantano
863 243 937 262 saec.
960 233 1004 262 13.
1045 235 1114 262 Cod.
1134 236 1267 262 Vatican.
1288 231 1371 261 4363.
1392 233 1425 260 Α,
1443 247 1482 252 -

186 266 265 294 Orat.
280 277 332 295 ms.
349 268 580 297 Caelestinorum
595 279 669 299 saec.
684 270 726 299 15.
755 272 823 300 Cod.
835 273 940 300 Meten.
952 270 1015 299 571.
1030 273 1062 299 B.
1079 287 1115 292 ——
1133 273 1250 301 Colleet.
1267 281 1318 299 ms.
1332 271 1362 299 S.
1373 271 1482 299 Ubaldi

188 304 338 341 Eugubini
361 314 435 334 saec.
452 305 494 334 14.
532 307 599 335 Cod.
619 309 741 337 Roman.
762 310 837 337 Vict.
858 310 922 337 Em.
943 308 1008 338 477.
1029 310 1059 337 C.

198 389 210 400 Ἴ
261 349 303 397 Ι.
326 351 351 387 1,
371 351 389 379 2
415 355 461 381 vir
484 363 519 382 ex
538 355 625 382 humo
647 357 677 384 G.
698 371 734 375 —
756 355 780 390 1,
802 355 819 385 3
840 357 923 390 Quod
946 356 975 384 O.
995 371 1034 375 -—
1053 355 1079 389 2,
1101 356 1115 385 1
1137 358 1200 384 Ave
1220 359 1289 384 tune
1308 356 1339 383 C.
1359 370 1397 374 —
1416 353 1443 389 2,
1464 353 1481 381 2

188 389 345 434 (lredidisti
366 391 522 428 alloquelis
543 393 580 427 B3
602 394 660 421 iam
675 395 799 429 loquelis
821 394 850 421 Ο.
872 409 907 413 -
930 393 955 426 2,
970 392 988 422 3
1006 397 1038 421 tu
1057 395 1130 422 fehlt
1148 395 1184 427 C;
1207 394 1412 422 Commendare
1425 401 1477 420 nos

187 427 316 463 d1gner1s
338 429 369 456 B.
391 444 426 448 —
448 428 473 463 2,
495 429 514 457 4
533 439 611 458 nune
629 432 703 459 fehlt
721 432 759 467 G,
779 432 816 459 Ei
838 434 887 467 qui
907 433 1022 459 habitat
1041 433 1072 458 iu
1092 434 1181 460 caelis
1202 433 1233 459 B.
1257 446 1287 451 —
1310 430 1336 465 3,
1353 430 1367 458 1
1389 433 1481 458 mater

186 467 218 509 tu
239 464 295 493 BC.
324 480 361 484 —
385 465 412 501 3,
432 465 449 493 2
468 468 565 503 Atque
592 469 648 497 Dei
674 470 706 497 B.
733 484 766 488 -
795 467 821 503 3,
843 468 860 497 3
886 470 975 497 Cuius
996 470 1133 498 salutatio
1156 470 1210 498 BC.
1231 484 1267 488 ——-
1291 467 1317 502 3,
1337 468 1356 496 4
1375 469 1482 496 Nostra

189 505 230 530 sat
249 503 374 547 seh-ratio
397 505 434 540 Ο,
455 505 546 533 Adest
560 508 665 537 nostra
685 507 809 534 salvatio
823 507 857 534 A.
879 522 914 526 -—
934 506 961 541 4,
977 505 994 534 2
1014 508 1144 535 iustitiae
1156 508 1191 535 A.
1211 522 1246 526 —
1267 506 1292 537 5,
1309 506 1324 534 1
1344 506 1482 542 templum

187 542 308 569 Domuu
331 541 360 569 C.
390 557 423 561 —
453 542 478 576 5,
501 541 519 570 2
537 543 578 570 Et
596 543 669 572 fehlt
687 544 743 572 BC.
764 559 800 563 —
821 543 847 579 5,
868 543 885 572 3
907 545 962 578 Qui
982 554 1036 572 nos
1057 547 1206 573 coronavit
1225 545 1264 579 B;
1286 547 1315 572 et
1333 545 1485 571 coronavit

188 578 218 606 C.
238 593 276 597 —
297 577 322 610 5,
338 578 358 607 4
379 589 442 607 eum
464 582 549 608 iustis
571 580 593 608 G
623 596 658 601 —
679 581 704 616 6,
720 580 737 610 3
757 583 824 610 Non
842 583 991 610 turbemur
1006 582 1040 616 C;
1062 584 1191 611 turbetur
1205 584 1237 611 B.
1257 598 1293 602 --
1314 580 1340 612 6,
1356 580 1484 616 4Atque

187 625 285 644 seeum
312 617 469 645 collocavit
494 619 526 646 B.
552 633 590 637 --
613 616 639 650 8,
663 618 677 647 1
695 622 786 647 mater
811 620 884 647 fehlt
909 620 943 647 A.
970 634 1006 638 —
1032 618 1059 653 8,
1074 618 1092 647 2
1119 623 1195 656 regis
1215 620 1249 647 A.
1275 635 1310 638 —
1336 618 1363 653 8,
1383 618 1402 646 4
1427 619 1483 645 Per

188 662 273 690 quam
297 658 400 683 cuncta
420 657 602 683 reviviscunt
619 657 651 685 B.
674 674 710 678 —
730 657 786 685 Str.
805 656 836 685 11
858 657 935 685 steht
954 666 1007 685 vor
1028 655 1052 685 9.
1073 655 1105 686 B.
1140 673 1165 676 —
1187 657 1212 691 9,
1231 656 1250 684 2
1271 659 1361 692 Quam
1382 657 1485 684 adorat

186 692 221 726 O,
248 693 340 726 Quem
359 693 484 724 honorat
503 695 536 721 A.
557 709 594 712 —
614 693 641 729 9,
662 693 679 723 3
699 695 828 723 Psallam
849 696 903 723 tibi
923 696 956 722 B.
978 710 1015 714 —
1039 693 1083 728 10,
1104 694 1121 723 3
1142 695 1280 731 Opermos
1300 696 1372 722 facit
1390 695 1423 721 A.
1446 708 1480 712 —

190 728 233 765 11,
256 729 270 757 1
294 732 326 757 tu
345 731 418 759 fehlt
436 731 492 759 BC.
515 746 549 750 -
572 730 615 767 11,
636 731 654 759 2
675 735 704 761 et
722 733 795 761 fehlt
813 733 870 760 BC.
891 747 927 751 —-
949 731 992 767 11,
1014 730 1031 760 3
1052 741 1094 769 sq.
1116 735 1147 761 in
1166 734 1203 762 B:

619 789 679 817 Fae
697 798 750 817 nos
773 792 824 816 tua
842 790 938 826 gratia

619 826 734 855 Perfrui
754 829 786 854 in
806 828 909 863 gloria.

187 879 230 915 11,
251 880 271 909 4
290 882 404 909 Perfrui
424 884 455 909 in
478 882 595 910 saecula
616 882 645 911 Ο.
665 898 704 902 -
725 882 768 917 12,
789 882 807 910 2
826 884 918 912 Nobis
940 886 984 912 est
1003 884 1040 911 ad
1060 886 1151 912 vitam
1170 884 1226 912 EC.
1248 898 1283 902 —-
1306 880 1349 916 13,
1363 880 1380 909 2
1400 883 1482 909 Dans

184 928 220 947 ex
239 919 309 947 Sion
334 920 390 948 BC.
410 936 449 940 ——
472 918 515 954 12,
537 918 554 947 3
577 929 619 956 sq.
640 923 672 949 in
692 923 729 949 B:

621 978 692 1006 Cum
712 988 769 1015 quo
787 979 875 1006 Iacob
898 978 1070 1005 colluctatur

619 1016 768 1053 Israelque
789 1016 956 1043 collocatur.

186 1071 229 1107 16,
253 1071 267 1099 1
301 1073 398 1099 salvas
419 1072 478 1100 AG.
499 1087 537 1091 —
558 1070 601 1103 16,
625 1071 642 1099 2
661 1072 724 1100 Iam
742 1073 816 1100 fehlt
833 1072 892 1100 AC.
914 1086 952 1091 ——
974 1071 1016 1105 16,
1037 1069 1054 1099 3
1074 1073 1214 1100 iustorum
1234 1072 1267 1099 A.
1286 1086 1325 1091 -—
1346 1069 1390 1105 16,
1408 1069 1428 1097 4
1446 1070 1486 1097 Et

184 1111 239 1137 Dei
261 1109 319 1138 AC.
344 1124 382 1129 ——
413 1108 456 1142 17,
475 1108 494 1137 3
514 1119 566 1137 nos
586 1110 659 1138 fehlt
678 1111 710 1138 B.
737 1126 773 1130 -
801 1109 844 1144 17,
861 1109 881 1137 4
901 1111 955 1137 Dei
977 1111 1009 1137 in
1029 1110 1069 1144 C,
1090 1111 1151 1138 Nos
1170 1109 1267 1137 David
1286 1118 1317 1137 re
1337 1117 1375 1136 no
1394 1109 1427 1135 Β.
1448 1122 1485 1127 —

188 1146 231 1181 18,
254 1145 272 1175 3
294 1156 337 1184 sq·
357 1148 526 1183 umgestellt
544 1148 576 1174 B·
608 1163 643 1167 -—
673 1146 715 1182 18,
736 1146 754 1176 3
774 1150 805 1175 in
826 1148 942 1175 saeculo
962 1148 996 1174 A.
1021 1162 1058 1166 —
1084 1146 1126 1181 19,
1150 1146 1164 1174 1
1186 1156 1260 1184 quae
1278 1146 1350 1174 seht
1369 1146 1427 1173 AO.
1447 1160 1485 1164 —-

188 1184 229 1218 19,
245 1185 265 1213 4
288 1187 334 1213 De
354 1184 425 1213 Sion
445 1194 498 1221 per
519 1186 723 1222 archangelum
737 1186 770 1213 B.
791 1201 826 1204 —
849 1184 893 1219 20,
907 1183 924 1211 2
944 1185 1068 1212 Por‘sans
1083 1185 1141 1212 AG.
1163 1199 1198 1204 —
1219 1183 1264 1218 21,
1279 1183 1296 1211 2
1317 1184 1406 1212 Cuius
1419 1184 1484 1210 laus

185 1224 356 1251 dulcissima
388 1224 425 1254 Oq
457 1224 536 1250 Laus
557 1224 639 1251 cuius
659 1224 841 1251 lucidissima
859 1224 893 1250 A.
922 1237 956 1241 —
984 1220 1028 1254 22,
1051 1221 1065 1249 1
1090 1224 1172 1259 virgo
1193 1224 1275 1258 regia
1293 1222 1358 1254 AB,
1386 1222 1486 1257 regina

188 1261 217 1289 C.
239 1277 273 1282 —
297 1259 342 1294 22,
364 1259 381 1287 2
401 1262 446 1288 De
466 1261 564 1288 David
585 1262 676 1297 stirpe
696 1262 728 1289 B.
751 1276 783 1280 -
807 1259 851 1293 23,
875 1260 889 1288 1
911 1261 983 1287 caeli
1004 1260 1153 1295 plenitudo
1174 1259 1207 1287 B.
1232 1276 1266 1280 -—-
1286 1258 1331 1293 23,
1344 1257 1363 1286 4
1382 1260 1438 1287 Per
1457 1261 1486 1285 te

184 1300 258 1327 fehlt
279 1299 308 1326 C.
329 1313 367 1317 —
387 1297 433 1332 24,
450 1296 467 1326 3
487 1299 543 1326 Dei
563 1300 641 1326 viam
661 1300 695 1327 A.
717 1313 753 1318 —
774 1297 818 1332 25,
834 1297 851 1325 2
870 1299 927 1326 Per
946 1301 997 1325 tua
1009 1298 1044 1324 A.
1066 1312 1100 1317 —-
1119 1297 1164 1332 26,
1178 1296 1198 1325 4
1215 1299 1301 1325 Nune
1313 1297 1386 1324 fehlt
1398 1297 1431 1323 A.
1448 1310 1485 1315 —-

185 1336 231 1371 27,
252 1336 271 1365 4
289 1338 333 1365 Ut
353 1338 450 1364 anima
474 1345 511 1363 ne
531 1336 564 1363 A.
586 1352 622 1356 --
643 1335 688 1370 28,
712 1336 726 1364 1
748 1338 810 1364 Ave
829 1338 911 1373 virgo
932 1336 1079 1371 virginum
1100 1336 1130 1364 C.
1151 1350 1188 1354 —
1210 1333 1255 1368 28,
1276 1333 1293 1361 2
1313 1335 1406 1371 Super
1427 1343 1485 1361 0111-

183 1384 236 1403 nes
258 1376 422 1402 clarissima
442 1373 472 1401 C.
493 1388 531 1392 —
551 1371 595 1407 28,
617 1373 636 1402 4
655 1376 697 1403 Ut
714 1383 768 1402 nos
789 1375 907 1402 mundet
926 1382 944 1400 a
965 1374 1091 1409 peccatis
1112 1375 1143 1401 Β.
1163 1388 1201 1392 -
1221 1371 1265 1406 29,
1280 1371 1300 1400 4
1318 1372 1413 1400 Trahe
1433 1380 1486 1398 nos

186 1415 248 1449 regi
268 1414 301 1440 B.
323 1429 358 1433 —
381 1410 456 1445 31,1
478 1412 548 1446 Ave,
571 1420 646 1447 quae
665 1414 752 1440 nimis
773 1413 805 1440 Β.
825 1428 862 1431 -
882 1410 927 1445 31,
942 1409 959 1438 2
979 1411 1044 1438 (1010
1062 1411 1193 1439 facinora
1203 1412 1234 1439 B.
1257 1425 1294 1429 —-
1315 1408 1359 1443 31,
1374 1408 1391 1437 3
1411 1410 1487 1437 Nam

184 1452 258 1479 fehlt
283 1450 348 1485 AC;
378 1452 462 1478 erunt
486 1450 638 1477 benefacta
658 1452 694 1482 ss;
720 1451 794 1478 bene
813 1452 891 1478 reeta
913 1449 942 1477 O.
967 1463 1004 1467 —
1029 1446 1073 1481 31,
1094 1448 1114 1477 4
1133 1458 1184 1485 per
1202 1452 1231 1476 te
1251 1451 1319 1476 sunt
1338 1448 1377 1482 Α,
1404 1449 1489 1475 erunt

189 1489 302 1516 deiecta
323 1488 354 1521 C,
376 1488 488 1515 directa
506 1488 530 1515 B
559 1502 596 1505 —
617 1485 662 1521 32,
683 1486 700 1516 3
721 1489 776 1515 tibi
796 1488 869 1516 fehlt
888 1488 920 1515 A.
941 1502 978 1506 —
999 1484 1044 1521 33,
1058 1485 1078 1513 4
1097 1487 1168 1515 Cum
1189 1488 1221 1514 B.
1241 1501 1278 1506 ——
1298 1484 1343 1519 34,
1360 1484 1374 1512 1
1395 1487 1487 1512 mater

188 1530 221 1554 tu
240 1527 275 1559 B,
296 1530 329 1554 tu
349 1526 422 1554 fehlt
440 1526 499 1552 AC.
525 1541 560 1545 —
580 1523 625 1559 34,
647 1524 664 1554 3
684 1527 831 1562 Expugna
848 1527 890 1561 Α,
913 1525 1059 1561 Expugna
1078 1534 1124 1552 me
1146 1525 1175 1553 C.
1199 1540 1232 1543 —
1254 1522 1299 1559 34,
1313 1522 1332 1551 4
1350 1525 1487 1550 nocentes

188 1565 226 1599 C,
247 1565 320 1592 mihi
342 1566 401 1591 iam
421 1566 553 1599 potentes
575 1563 608 1589 Β.
629 1579 665 1583 —-
686 1561 730 1597 35,
749 1562 762 1591 1
783 1565 868 1591 fortis
881 1565 959 1591 vitae
972 1564 1012 1598 Ag
1033 1563 1097 1590 fons
1110 1565 1189 1590 vitae
1202 1563 1233 1590 O.
1253 1578 1292 1582 -—
1310 1560 1356 1594 35,
1373 1559 1391 1589 3
1406 1561 1487 1588 fante

185 1604 219 1630 A.
245 1617 278 1621 —
302 1600 347 1635 35,
362 1601 381 1629 4
401 1604 495 1629 tecum
516 1600 573 1628 130.
593 1615 630 1620 -
650 1600 695 1635 36,
712 1601 726 1629 1
747 1603 890 1630 iustorum
910 1601 944 1628 A.
965 1615 1002 1619 —
1022 1598 1066 1633 36,
1081 1599 1098 1627 2
1119 1601 1259 1628 salvatrix
1273 1599 1330 1627 AG.
1351 1614 1389 1618 —
1410 1596 1455 1629 36,
1469 1595 1487 1625 3

186 1642 274 1669 Dona
292 1640 378 1667 nobis
399 1641 437 1674 A,
459 1640 505 1666 Da
524 1647 577 1666 nos
599 1648 651 1674 per
670 1642 698 1667 te
720 1639 750 1667 G.
771 1655 807 1660 —
829 1637 873 1674 37,
894 1637 912 1667 3
932 1641 1003 1666 meis
1026 1639 1139 1666 ossibus
1159 1639 1193 1665 A.
1214 1653 1249 1657 —
1270 1635 1314 1670 37,
1330 1636 1350 1664 4
1369 1637 1410 1664 Et
1427 1637 1487 1663 vie-

187 1680 291 1706 toriam
313 1678 372 1705 AB.
401 1692 437 1696 —
465 1675 510 1710 38,
531 1674 548 1704 3
569 1677 734 1714 delinquem
756 1677 786 1705 C.
814 1692 852 1696 —
872 1675 916 1711 38,
937 1675 956 1704 4
976 1676 1044 1703 inde
1063 1676 1163 1704 laudes
1185 1677 1220 1704 B:
1241 1676 1283 1704 Ut
1301 1676 1365 1703 dem
1385 1674 1486 1702 laudes

186 1718 216 1744 in
238 1717 301 1743 Deo
324 1715 353 1743 C.
379 1731 412 1735 —
432 1713 478 1748 39,
502 1713 515 1741 1
546 1723 673 1750 purgans
694 1717 743 1751 pia
763 1716 794 1743 C.
815 1730 849 1733 —
873 1713 918 1747 39,
939 1713 956 1741 2
977 1713 1032 1749 fige
1051 1722 1167 1749 gressus
1187 1714 1224 1749 Β,
1245 1713 1321 1750 finge
1341 1713 1427 1749 pedes
1448 1711 1486 1745 A;

185 1755 299 1782 Firmas
322 1755 353 1781 C.
382 1768 417 1772 -
443 1751 488 1787 41,
508 1751 525 1779 2
548 1753 614 1780 Duo
633 1762 687 1781 nos
708 1753 744 1780 ad
764 1754 859 1781 fantes
879 1753 918 1787 A,
940 1754 971 1779 in
990 1752 1099 1779 fontem
1121 1752 1149 1779 C.
1171 1766 1204 1770 —
1227 1749 1273 1784 43,
1294 1750 1312 1778 4
1333 1750 1416 1784 Quod
1437 1758 1488 1785 por

187 1802 252 1820 eum
272 1801 325 1820 nos
347 1792 383 1827 Β,
406 1791 490 1825 Quod
510 1799 562 1826 per
580 1790 665 1818 illum
684 1800 737 1819 nos
758 1791 880 1819 salvasti
900 1790 959 1818 AC.
981 1804 1018 1808 —
1037 1788 1082 1824 44,
1103 1788 1116 1817 1
1138 1791 1280 1817 sanctitas
1299 1789 1329 1817 G.
1380 1803 1387 1807 -
1407 1787 1452 1821 45,
1469 1785 1486 1814 3

189 1830 283 1858 Citius
303 1831 411 1857 fiumen
433 1829 463 1856 C.
492 1843 527 1847 —-
554 1826 600 1862 45,
621 1828 641 1856 4
659 1830 720 1857 Nos
741 1838 854 1864 semper
875 1831 903 1856 et
922 1830 953 1855 in
972 1828 1086 1855 habitet
1104 1828 1160 1856 BG.
1182 1842 1219 1846 —
1238 1825 1283 1860 48,
1307 1826 1321 1853 l
1343 1827 1379 1853 ad
1400 1834 1486 1862 quam

186 1869 280 1896 clamo
301 1869 333 1895 B.
355 1882 392 1886 ——
411 1865 457 1901 48,
472 1865 490 1893 2
510 1867 616 1894 Aurem
639 1867 733 1895 cordis
754 1867 902 1894 inclinabo
923 1867 962 1901 B,
982 1867 1072 1894 Urem
1092 1866 1147 1894 tibi
1168 1866 1198 1893 C.
1220 1880 1255 1884 -
1275 1863 1319 1899 48,
1335 1862 1352 1892 3
1372 1873 1430 1891 11011
1450 1866 1486 1891 ti-

187 1907 271 1934 mebo
298 1906 322 1933 B
356 1919 394 1924 ——
420 1904 465 1938 49,
489 1903 503 1932 1
530 1905 593 1932 Deo
620 1907 772 1941 progenies
792 1905 826 1931 A.
854 1919 892 1923 —
917 1902 962 1937 50,
985 1902 998 1930 1
1028 1904 1097 1937 Ave,
1120 1904 1195 1931 cella
1213 1904 1270 1931 Dei
1289 1904 1346 1930 mei
1366 1902 1423 1930 AC.
1451 1919 1486 1922 —

188 1943 234 1980 50,
256 1943 273 1971 2
292 1945 434 1972 Miserere
454 1951 568 1979 semper
587 1945 645 1970 mei
664 1944 696 1970 Β.
718 1958 753 1962 --
775 1941 820 1975 50,
840 1941 860 1970 4
878 1951 924 1970 me
945 1945 1064 1978 spargat
1082 1943 1115 1969 A.

262 1999 300 2030 II.
339 2002 364 2029 B
383 2002 416 2028 in
436 2000 486 2028 der
505 2008 619 2037 ganzen
639 2000 851 2036 Quinquagene
871 1999 922 2026 das
943 1998 1105 2027 Grusswort
1124 1998 1220 2026 Salve.
1240 2013 1279 2016 —
1300 1996 1324 2030 1,
1341 1996 1356 2025 1
1373 2000 1405 2025 tu
1419 1997 1486 2024 odo-

183 2041 273 2068 rifera
291 2040 325 2067 A.
346 2055 384 2058 —
406 2038 430 2072 1,
452 2037 469 2065 2
495 2047 554 2065 non
573 2037 723 2066 fructifera
741 2038 774 2065 A.
796 2052 832 2056 —
855 2035 880 2071 1,
900 2035 920 2064 4
939 2045 1038 2072 regere
1059 2037 1091 2064 A.
1113 2053 1150 2057 —
1170 2035 1195 2070 2,
1218 2034 1233 2063 1
1254 2039 1287 2063 tu
1305 2036 1378 2063 fehlt
1396 2036 1429 2063 B.
1448 2050 1486 2053 —

186 2077 211 2112 2,
230 2078 242 2106 1
266 2080 359 2105 mater
379 2078 528 2104 hominum
553 2075 582 2103 O.
603 2090 639 2095 --
661 2074 687 2109 2,
703 2074 720 2102 2
741 2076 800 2104 Ora
818 2076 854 2103 de
874 2075 954 2103 eaelo
976 2075 1134 2103 Dominum
1157 2074 1187 2101 C.
1208 2089 1244 2093 -—
1265 2072 1290 2110 3,
1305 2072 1322 2102 3
1343 2083 1395 2101 nos
1414 2073 1487 2101 fehlt

187 2117 216 2144 O.
239 2131 274 2136 —
294 2114 320 2150 3,
341 2116 361 2143 4
381 2115 483 2143 Salvet
501 2122 554 2141 nos
576 2121 594 2140 a
613 2113 755 2142 daemone
775 2113 833 2141 AC.
853 2128 888 2132 —
912 2113 968 2141 Str.
989 2110 1008 2140 4
1026 2113 1121 2141 lautet
1139 2114 1170 2140 111
1190 2114 1228 2140 Β;

623 2161 719 2195 Salve,
739 2162 824 2198 virga
843 2161 990 2195 deaurata,

621 2200 715 2235 Super
733 2208 787 2227 nos
809 2208 838 2227 es
860 2199 998 2233 exaltata,

619 2237 704 2265 Nune
724 2237 829 2265 exaudi
849 2246 950 2265 vocem
970 2245 1071 2270 meam,

620 2275 663 2304 Ut
681 2285 733 2311 per
752 2278 782 2303 te
801 2276 909 2303 salvari
931 2283 1042 2311 queam.

185 2334 211 2369 6,
226 2333 244 2363 3
264 2335 367 2362 forlunt
387 2335 417 2369 C,
439 2334 575 2362 foderunt
593 2333 634 2368 A;
655 2333 681 2360 A
702 2333 878 2360 fodientibus
897 2333 1010 2360 foveam
1031 2333 1061 2360 Β.
1082 2348 1119 2352 -
1141 2331 1167 2365 6,
1181 2331 1201 2359 4
1223 2332 1262 2360 Ut
1279 2339 1339 2358 non
1357 2330 1485 2358 incidam

183 2376 215 2402 in
235 2382 300 2401 eam
319 2376 353 2401 B.
373 2388 413 2392 —
431 2372 458 2406 7,
473 2370 490 2399 2
512 2373 575 2406 Quo
596 2373 710 2399 ‘tantum
730 2372 785 2399 tibi
799 2372 830 2399 B.
851 2386 889 2390 -
909 2370 933 2405 7,
950 2368 968 2399 3
988 2372 1038 2406 qui
1052 2372 1107 2399 tibi
1123 2372 1155 2399 B.
1177 2385 1214 2389 —
1236 2367 1279 2403 11,
1294 2367 1312 2397 3
1333 2378 1375 2405 sq.
1389 2369 1486 2396 fehlen

183 2413 218 2440 A.
248 2426 286 2430 —
312 2410 355 2443 11,
372 2409 390 2440 3
411 2413 456 2439 est
473 2419 542 2438 vere
562 2410 642 2438 Deus
663 2418 743 2437 meus
763 2410 795 2438 B.
823 2424 859 2428 —
889 2408 931 2444 11,
953 2407 972 2436 4
991 2409 1032 2436 Et
1051 2411 1179 2437 salvator
1199 2417 1268 2436 vere
1287 2416 1367 2435 meus
1389 2408 1422 2435 B.
1448 2423 1486 2427 -
