1650 2612
406 170 460 202 39.

405 386 461 417 40.

405 606 460 639 41.

406 832 460 864 42.

413 1056 468 1087 43.

411 1279 466 1311 44.

410 1505 465 1537 45.

412 1730 468 1762 46.

412 1954 466 1985 4¹7.

412 2179 466 2211 48.

687 70 940 106 -100-

485 169 565 208 Ave,
592 168 672 206 Ie511,
699 168 839 198 nostrum
866 165 1030 210 refugium⁷

486 215 596 254 NobiS,
624 221 748 255 quaeso,
777 213 820 244 sis
844 212 878 243 in
902 213 1064 254 auxilium,

486 262 552 293 Nos
576 263 717 292 nostram
740 262 875 300 propter
898 259 1095 298 iniquitatem

485 301 536 340 N'e
561 310 685 338 avertas
709 307 743 338 in
766 306 987 338 humifitatem.

487 384 566 419 Ave,
592 382 625 412 in
650 381 738 412 cuius
762 380 918 412 adiutorio
945 379 1105 411 confidens

485 429 534 460 De
559 436 676 468 suaque
700 428 803 459 salute
824 435 984 466 nunquam
1007 427 1048 457 sit
1076 424 1234 464 diffidens,

487 475 551 507 Sed
574 482 676 514 neque
701 474 882 506 venantium
906 474 1034 512 laqueos
1061 472 1196 511 timebit,

488 521 584 560 Quem
610 521 762 553 Dominus
788 520 925 558 scapulis
951 520 1015 550 suis
1041 517 1259 550 obumbrabit.

487 606 566 645 Ave,
592 605 675 644 Iesu,
702 612 793 644 quem
818 604 933 635 bonum
959 606 1008 634 est
1032 602 1187 642 confiteri,

488 652 582 684 Cuius
609 651 757 684 divinitas
784 651 879 683 debet
901 651 1039 691 adorari,

486 699 553 731 Fac
576 708 632 730 nos
656 701 709 730 tuo
734 697 853 729 nomini
879 698 971 737 digne
998 696 1146 737 psallere,

485 746 584 777 Tuam
609 745 773 778 veritatem
800 744 895 776 corde
919 752 1034 777 amare.

487 830 566 871 Ave,
593 830 675 867 Iesu,
702 830 755 869 qui
781 837 906 860 carnem
927 830 1068 859 nostram
1093 827 1223 859 indutus

487 876 663 909 Divinitate
687 878 742 907 tua
766 884 828 907 non
854 883 886 906 es
912 877 1051 913 efflatus,

489 923 553 955 Sed
578 922 713 963 gigantis
739 930 898 954 assumens
924 921 1147 953 fortitudinem

488 970 703 1002 Daemonibus
727 969 903 1001 incussissti
929 967 1141 1001 formidinem.

494 1055 575 1094 Ave,
599 1054 682 1093 iesu,
705 1052 860 1085 ultionum
884 1052 1038 1093 dominus,

493 1101 580 1132 Deus
604 1100 757 1131 ultionum
779 1102 813 1130 et
836 1099 954 1131 vindex
977 1107 1068 1140 unu5‚

495 1148 545 1178 Tu
568 1155 664 1186 super
688 1154 794 1177 omnes
819 1147 895 1178 deos
920 1146 1061 1178 exaltare

493 1193 539 1225 Et
564 1201 632 1224 cum
655 1193 746 1224 malis
771 1193 836 1224 noli
860 1202 916 1224 nos
941 1192 1092 1225 iudicare.

491 1278 570 1319 Ave,
597 1278 678 1317 Iesu,
704 1279 774 1308 tuos
800 1277 852 1316 qui
879 1276 968 1308 annis
994 1276 1205 1316 quadraginta

492 1324 701 1356 Ambulantes
725 1323 888 1362 temptasti
912 1324 983 1355 loca
1007 1332 1065 1362 per
1091 1323 1228 1363 deserta,

494 1371 556 1402 Sed
580 1368 791 1402 benefactoris
810 1370 1008 1402 immemores
1033 1368 1162 1402 fuerunt

490 1418 536 1449 Et
559 1419 669 1449 contra
692 1417 825 1457 Moysen
850 1419 881 1447 et
906 1419 938 1448 te
961 1420 1247 1449 murmuraverunt.

492 1504 569 1547 Ave,
597 1504 647 1534 cui
670 1504 825 1534 canticum
851 1511 965 1534 novum
992 1503 1172 1544 decantare,

494 1550 621 1582 Nomini
645 1550 731 1581 cuius
759 1549 906 1581 debemus
932 1550 1129 1589 benedicere,

492 1597 635 1636 Namque
659 1599 690 1629 et
712 1606 842 1636 magnus
869 1605 901 1627 es
928 1599 958 1628 et
982 1596 1153 1629 laudabilis
1175 1596 1281 1637 nimis,

493 1644 592 1676 Cordi
616 1646 701 1676 tuam
726 1642 859 1676 infunde
883 1643 1017 1682 gratiam
1042 1643 1186 1676 hominis,

493 1729 572 1769 Ave,
599 1728 686 1759 cuius
710 1727 822 1759 laudes
848 1728 927 1759 caefi
952 1728 1185 1769 nuntiaverunt,

493 1775 586 1807 Cuius
611 1775 743 1815 gloriam
767 1774 880 1814 populi
903 1775 952 1806 1111
976 1775 1134 1815 viderunt,

493 1822 571 1855 Cum
595 1830 688 1861 passo
715 1821 838 1854 Christo
863 1821 1105 1854 revertebantur
1130 1824 1320 1863 compuncti,

491 1868 554 1901 Sed
578 1869 639 1900 hoo
664 1868 853 1901 deridebant
877 1869 1038 1908 principes
1063 1870 1233 1903 maledicti.

493 1954 573 1994 Ave,
600 1953 654 1992 qui
677 1952 836 1984 mirabilia
860 1953 944 1984 solus
969 1951 1059 1994 facis,

492 1999 593 2030 Tuum
617 2000 756 2031 salutare
777 1999 869 2032 nobis
892 2003 1001 2031 notum
1024 1999 1114 2039 facis,

493 2046 615 2086 Populo
641 2050 727 2078 tuam
750 2047 903 2078 iustitiam
928 2047 1083 2086 revelan5‚

495 2093 584 2132 Quod
606 2094 735 2132 tyranni
757 2094 865 2134 iugum
889 2092 1015 2124 ferebat
1039 2093 1201 2126 anhelans.

495 2179 573 2220 Ave,
600 2178 652 2216 qui
676 2178 797 2216 primus
821 2178 905 2210 inter
929 2178 1070 2210 homines
1094 2178 1221 2209 humilis

494 2226 663 2264 Apparens
688 2224 785 2264 signis
811 2224 913 2257 factus
939 2234 972 2256 es
997 2224 1203 2264 admirabiIiS,

493 2271 588 2303 Unde
610 2271 721 2312 popuii
744 2272 901 2304 increduli
925 2273 1113 2311 irascuntur,

493 2318 553 2350 Tui
577 2318 635 2350 sed
658 2318 734 2350 fidel

800 2359 825 2392 ῑ
852 2405 855 2408 .
1018 2363 1096 2429 ξνᾼ(

645 2511 678 2535 τε
818 2511 968 2534 com-fies
1108 2500 1150 2543 S

658 2540 690 2566 xl
780 2570 804 2573 -
870 2576 876 2579 -
1029 2533 1126 2576 5132>
1260 2561 1272 2564 ,
1302 2561 1317 2564 ,
1335 2561 1347 2564 ,
1491 2558 1533 2570 -.
