1650 2612
559 601 650 632 XVII.
681 601 868 632 Psalterium
886 600 1000 631 beatae
1020 599 1137 631 Mariae
1157 601 1192 631 V.

597 673 724 702 auctore
748 671 896 702 Anselmo
923 670 1150 703 Cantuariensi.

632 773 768 804 Prima
800 772 1114 812 Quinquagena.

291 882 298 888 .
325 858 404 899 Ave,
430 858 531 887 mater
556 857 711 899 advocati,

327 903 385 941 Qui
409 904 519 934 beatus
546 904 673 935 consilio

327 950 411 982 Aula
432 950 550 981 ventris
574 950 749 990 incorrupti

328 996 486 1029 Processit
509 1001 546 1027 ut
570 1006 607 1028 ex
632 998 778 1029 thalamo.

290 1106 297 1113 .
323 1082 402 1121 Ave,
427 1083 537 1121 mater,
567 1081 652 1112 cuius
677 1085 787 1121 partus

323 1127 500 1159 Postulavit
523 1127 625 1159 Deum
647 1132 771 1169 patrem

322 1175 367 1206 Et
389 1174 521 1213 accepit,
546 1183 622 1213 quas
646 1176 789 1215 redemit,

324 1221 440 1253 Gentes
464 1221 496 1252 in
521 1221 737 1255 hereditatem.

290 1331 297 1337 .
322 1306 400 1342 Ave,
427 1307 537 1347 mater,
565 1305 651 1336 cuius
676 1309 785 1344 partus

325 1351 531 1384 Obdormiens
557 1352 714 1391 patiendo,

322 1399 358 1430 In
387 1399 532 1437 sepulcro
557 1402 721 1438 soporatus

324 1446 458 1478 Mortem
485 1445 561 1477 vicit
584 1447 785 1485 resurgendo.

287 1552 294 1559 .
316 1531 395 1569 Ave,
421 1532 522 1560 mater
547 1530 632 1560 cuius
656 1533 764 1569 partus

318 1576 418 1608 Nobis
445 1576 531 1608 dedit
556 1577 589 1607 in
613 1578 772 1618 sanguine,

318 1623 361 1655 Ut
386 1624 526 1663 signetur
549 1623 727 1662 baptizatus

317 1670 502 1702 Divinitatis
526 1670 652 1704 lumine.

287 1780 294 1787 .
319 1756 398 1795 Ave,
424 1757 534 1796 mater,
561 1755 648 1786 cuius
674 1758 781 1796 partus

321 1802 414 1834 Scuto
440 1801 540 1833 bonae
566 1802 734 1835 voluntatis

318 1849 384 1881 Nos
410 1852 537 1880 coronat
559 1850 725 1889 propitius,

317 1896 388 1928 Lux
411 1897 581 1928 immensae
605 1897 790 1932 maiestatiS.

279 2006 286 2013 .
311 1982 390 2020 Ave,
416 1981 547 2012 thronus
573 1981 709 2024 deitatis,

313 2029 350 2060 In
377 2037 436 2068 quo
462 2027 547 2059 Deus
571 2029 744 2062 maiestatis

314 2075 468 2116 Dignatus
493 2075 584 2107 homo
609 2075 688 2118 fieri,

314 2122 354 2154 Se
379 2123 533 2154 convertit
557 2123 708 2156 misereri.

312 2208 408 2241 Unde
433 2210 465 2238 et
487 2210 611 2239 nostras
636 2209 755 2241 animas

311 2255 440 2294 Eripuit
464 2255 495 2285 in
521 2256 624 2294 gratia

309 2302 362 2342 Et,
390 2310 466 2342 quas
492 2301 594 2333 effecit
617 2303 744 2346 liberaS,

311 2348 422 2381 Salvas
445 2347 521 2381 fecit
545 2349 578 2381 in
601 2350 712 2389 gloria.

941 857 971 888 7.

911 1531 966 1563 10.

911 1757 964 1789 11.

906 1984 959 2016 12.

906 2210 960 2244 13.

997 857 1076 897 Ave,
1101 860 1212 895 mater,
1240 858 1326 888 cuius
1350 859 1459 896 partus

999 903 1062 935 Sua
1086 903 1163 935 fecit
1184 905 1312 943 iustitia,

998 950 1041 982 Ut
1062 951 1095 981 in
1119 950 1211 982 nobis
1234 952 1335 990 patris
1361 951 1427 982 eius

998 996 1068 1028 Sint
1089 997 1171 1029 iusta
1195 998 1360 1030 adiutoria.

962 1105 969 1111 .
995 1081 1065 1112 Ave
1087 1084 1197 1112 nostra
1221 1082 1405 1113 advocatrix

994 1128 1100 1167 Atque
1122 1129 1207 1160 vitae
1231 1129 1421 1168 reparatrix,

996 1174 1089 1206 Cuius
1113 1178 1222 1214 partus
1245 1184 1342 1214 super
1364 1176 1450 1216 ipsos

994 1221 1147 1252 Dominus
1173 1225 1219 1253 est
1245 1221 1324 1253 caeli
1348 1222 1487 1257 thronos.

993 1306 1072 1346 Ave,
1099 1305 1184 1346 Sion,
1209 1306 1243 1337 in
1268 1315 1329 1346 qua
1352 1305 1437 1338 Deus

992 1352 1157 1385 Habitavit
1181 1353 1272 1384 homo
1299 1352 1411 1392 faetus,

991 1399 1029 1431 In
1054 1408 1145 1439 quem
1170 1404 1300 1439 sperant
1324 1400 1457 1440 enixius,

993 1446 1051 1484 Qui
1075 1450 1231 1478 novemnt
1251 1455 1364 1478 nomen
1385 1447 1461 1479 eius.

990 1531 1068 1570 Ave,
1094 1531 1181 1570 virgo
1207 1531 1385 1571 singularis,

990 1578 1123 1609 Placens
1148 1578 1220 1609 aula
1244 1577 1418 1618 virginalis,

994 1624 1090 1656 Cuius
1116 1624 1148 1655 in
1174 1625 1292 1665 templo
1317 1624 1471 1658 Dominus

990 1671 1034 1703 Et
1057 1671 1091 1702 in
1117 1672 1203 1703 caelo
1229 1673 1320 1704 sedes
1347 1673 1422 1704 eius.

990 1756 1068 1799 Ave,
1097 1756 1184 1788 cuius
1207 1757 1241 1788 in
1265 1756 1331 1789 filio

991 1803 1129 1835 Salutem
1154 1807 1246 1843 pater
1270 1805 1384 1845 posuit,

989 1851 1026 1883 In
1052 1860 1111 1891 quo
1136 1852 1218 1882 sicut
1241 1852 1275 1883 in
1298 1852 1391 1884 unico

988 1898 1102 1930 Fidem
1125 1902 1265 1930 nostram
1291 1901 1460 1933 constituit.

985 1985 1064 2022 Ave,
1092 1984 1132 2016 de
1158 1984 1244 2016 euius
1270 1984 1346 2024 filio,

986 2030 1124 2063 Salutari
1148 2031 1209 2063 Dei
1234 2033 1346 2071 patris,

986 2078 1188 2110 Exsultamus
1211 2079 1245 2110 in
1268 2079 1413 2121 Domino,

985 2126 1045 2164 Qui
1068 2125 1152 2157 bona
1174 2126 1286 2157 tribuit
1309 2125 1411 2160 nobis„

986 2211 1067 2251 Ave,
1092 2213 1201 2243 nostra
1226 2211 1421 2255 advocatrix,

986 2257 1190 2297 Captivorum
1214 2257 1392 2299 liberatrix,

983 2304 1033 2336 De
1058 2314 1119 2344 qua
1143 2304 1218 2336 Sion
1242 2305 1429 2339 Emmanuel

986 2351 1131 2383 salutare
1154 2350 1191 2383 fit
1214 2352 1325 2387 Israel.
