1650 2612
701 113 934 149 —73-

196 206 251 238 47.
277 205 361 245 Iesu,
388 215 480 245 quem
504 208 591 239 Deus
615 212 708 247 pater
871 211 928 243 49.
952 212 1035 248 Iesu,
1062 209 1115 250 qui
1137 209 1172 241 in
1195 210 1294 242 iubilo

325 252 465 285 salutare
489 256 597 286 notum
1001 257 1061 288 tibi
1088 256 1258 288 decantare

276 297 379 340 Fecit,
404 309 485 340 oum,
512 302 596 341 quod
622 301 756 334 hominis
954 305 1004 336 Ac
1027 312 1085 343 pro
1110 302 1272 335 beneficiis

325 348 404 386 crat,
431 348 528 379 sumis
554 350 665 388 totum,
1003 352 1049 383 vis
1071 350 1248 391 regratiari,

277 391 355 423 Cum
380 393 414 424 in
439 392 503 425 fine
526 395 650 426 veneris
956 397 1056 436 Dona,
1084 399 1118 428 ut
1141 397 1173 428 in
1198 398 1312 437 gaudio

324 438 432 471 orbem
456 441 609 483 iudicare,

276 484 350 516 Non
374 487 487 519 hoedis
509 496 566 519 nos
591 489 648 520 sed
673 489 785 521 ovibus

326 534 404 565 velis
430 535 617 574 adgregare.

193 590 249 622 48.
275 588 358 631 Iesu,
387 590 427 621 de
452 592 539 623 cuius
564 601 661 632 regno

1004 445 1116 477 devote
1139 446 1170 475 te
1193 444 1355 477 laudemus

958 491 998 522 Et
1023 493 1224 531 peccatorum
1254 492 1386 523 vulnera

1003 546 1128 577 semper
1153 538 1360 577 deploremus.

878 594 932 626 50.
959 594 1041 635 Iesu,
1068 594 1150 624 sicut
1174 593 1278 626 David
1304 604 1361 628 rex

325 636 436 668 ludaei
460 638 536 669 irati
1002 639 1143 671 firmatus
1167 640 1199 671 in
1224 641 1337 673 throno

278 684 338 722 Ita,
365 685 449 723 quod
474 685 508 716 id
535 685 639 716 crebri
664 689 738 718 sunt
958 687 1117 718 Potestate
1142 687 1229 726 regia

325 730 489 762 destruere
518 732 634 773 conati,
1002 742 1076 764 usus
1102 735 1150 763 est
1172 733 1207 764 in
1230 734 1323 777 bono⁷

278 776 342 808 Sed
367 778 454 817 quod
478 787 541 810 non
566 777 612 818 fit,
639 779 788 810 catholici
957 779 1010 811 Sic
1033 779 1149 811 nostris
1176 780 1217 811 da
1243 780 1449 821 principibus,

325 823 400 855 hinc
425 825 465 857 ad
491 825 553 857 Dei
578 825 705 858 laudem
1004 830 1039 857 ut
1064 835 1138 866 erga
1161 828 1193 857 te
1218 827 1346 859 devotos

277 870 404 902 Inducti
430 874 512 912 sunt,
542 872 583 904 da
609 873 737 904 vincere
955 873 1000 905 Et
1023 874 1122 905 iustos
1147 881 1181 904 se
1207 874 1248 905 ad
1273 874 1432 913 proximos

323 917 518 957 perfidorum
543 918 698 952 fraudem.
1004 919 1174 952 exhibeant
1197 923 1289 953 totos.

588 1004 741 1036 Tertia
763 1005 866 1045 Quin
877 1013 981 1044 quag
993 1013 1038 1036 en
1049 1015 1079 1037 a.

197 1069 228 1100 1.
259 1068 340 1111 Iesu,
368 1069 456 1101 cuius
481 1070 592 1101 intime
937 1072 1073 1110 Propter
1096 1069 1258 1110 beneficia,

304 1116 440 1155 populus
464 1117 634 1149 adventum

256 1162 467 1203 Exspectavit
492 1162 613 1195 faciens

305 1210 426 1242 orando
454 1211 635 1252 lamentum,

257 1256 316 1294 Qui
342 1257 489 1290 misertus
510 1257 635 1289 miseris

306 1312 488 1343 compassus
514 1313 547 1336 es
569 1313 654 1345 vere,

256 1350 308 1383 Da
333 1359 391 1390 per
415 1352 642 1391 paenitentiam

303 1401 436 1437 peccata
463 1398 589 1431 deflere.

223 1481 229 1487 .
256 1454 339 1494 Iesu,
367 1455 407 1487 ad
435 1454 522 1487 cuius
547 1455 672 1486 laudem

305 1504 440 1542 utraque
462 1505 577 1534 natura

258 1548 406 1581 Humana
430 1552 464 1580 et
487 1549 633 1589 angelica

307 1599 339 1626 et
363 1596 463 1627 omnis
489 1598 636 1628 creatura

259 1644 287 1675 A
314 1642 420 1675 David
447 1643 499 1674 hic
521 1643 692 1680 inducitur,

308 1690 359 1730 da,
383 1692 417 1721 ut
440 1693 472 1721 te
497 1698 635 1722 amemus

255 1737 364 1776 Teque
386 1746 446 1777 pro
469 1735 631 1770 beneficiis

307 1793 434 1825 semper
458 1784 683 1817 collaudemus

227 1867 234 1875 .
261 1841 343 1880 Iesu,
370 1842 412 1874 ad
438 1842 526 1873 cuius
548 1841 674 1872 laudem

308 1898 342 1920 se
366 1889 470 1929 ipsum
495 1889 642 1921 hortatur

261 1936 431 1976 Propheta,
456 1939 493 1968 ut
516 1935 654 1968 reddere

331 1993 395 2015 non
420 1984 626 2016 obliviscatur

263 2030 356 2063 Nunc
380 2032 430 2063 vel
456 2031 520 2063 ullo
545 2033 688 2070 tempore

309 2079 428 2119 gratias
453 2087 511 2118 pro
538 2077 640 2119 donis,

263 2126 330 2158 Nos
355 2126 484 2157 illustra
505 2125 627 2157 cumulo

308 2173 551 2206 benedictionis.

225 2256 233 2263 .
259 2231 342 2269 Iesu,
368 2230 421 2270 qui
447 2230 495 2262 vis
521 2229 641 2270 gratias

308 2277 378 2318 tibi,
402 2277 470 2309 Deo
495 2277 589 2316 almo,

260 2325 332 2358 Hoc
355 2325 549 2357 alleluiatico

310 2372 369 2403 tibi
395 2372 460 2404 dici
484 2371 607 2411 psalmo

984 1127 1065 1157 quae
1088 1117 1287 1157 praestitisti,
1313 1117 1416 1158 plura,

938 1164 982 1197 Ut
1004 1165 1047 1195 sit
1067 1164 1168 1201 nobis=
1195 1164 1309 1202 tribue,

986 1216 1018 1243 te
1041 1211 1194 1243 laudandi
1220 1219 1305 1244 cura.

880 1269 910 1300 5.
937 1268 1019 1306 Iesu7
1046 1267 1098 1307 qui
1122 1266 1155 1297 in
1180 1267 1240 1297 hoc
1263 1267 1384 1306 psalmo

985 1315 1098 1345 solaris
1122 1314 1319 1352 paenitentes

939 1361 1066 1392 Veniam
1093 1360 1170 1391 dans
1196 1360 1301 1400 arguis

983 1414 1077 1448 atque
1103 1407 1313 1447 neglegentes,

936 1454 1037 1486 Nobis
1063 1462 1187 1494 quaeso,
1214 1454 1328 1494 tribue,

986 1502 1039 1541 qui
1062 1505 1095 1532 te
1120 1499 1314 1541 confitemur,

938 1548 982 1580 Ut
1005 1549 1039 1579 in
1063 1547 1111 1580 tui
1133 1548 1269 1579 nominis

986 1596 1082 1627 laude
1105 1595 1285 1634 gloriemur.

906 1676 911 1683 .
939 1651 1021 1691 Iesu,
1046 1651 1079 1683 in
1105 1651 1256 1689 periculis

985 1707 1004 1730 a
1024 1705 1056 1729 te
1079 1697 1231 1729 liberatos

940 1744 1118 1777 Secundum
1141 1744 1225 1784 quod
1249 1744 1365 1775 iustum
1391 1746 1440 1774 est

985 1792 1096 1823 iubens
1121 1799 1190 1822 esse
1213 1794 1329 1831 gratos,

940 1840 1000 1881 Da,
1026 1842 1062 1870 ut
1082 1847 1241 1877 nunquam
1267 1838 1405 1878 aliquam

988 1885 1218 1918 committamus
1242 1884 1396 1927 fraudem,

940 1933 1003 1965 Sed
1028 1942 1085 1965 nos
1109 1941 1234 1972 semper
1259 1934 1421 1971 promptos
1438 1930 1490 1963 fac

988 1981 1030 2012 ad
1054 1982 1220 2019 utramque
1244 1980 1381 2011 laudem.

910 2065 917 2071 .
942 2038 1024 2077 Iesu,
1053 2046 1145 2078 quem
1170 2037 1281 2068 laudat
1303 2036 1409 2069 David

987 2094 1047 2125 pro
1070 2084 1226 2116 malorum
1249 2091 1397 2123 repressa

945 2132 1116 2163 Voluntate
1139 2131 1277 2170 pessima

991 2178 1125 2211 victoria
1149 2186 1298 2209 concessa

942 2226 992 2257 De
1017 2226 1137 2258 cunctis
1162 2226 1225 2257 tuis
1248 2225 1390 2256 hostibus

990 2273 1107 2305 coactis
1130 2273 1172 2305 ad
1196 2272 1360 2313 tributum,

942 2321 1008 2353 Nos
1033 2322 1066 2353 in
1089 2322 1145 2352 tua
1169 2320 1264 2352 laude
1286 2319 1338 2352 fac

988 2369 1107 2400 habere
1135 2376 1189 2399 cor
1211 2376 1272 2399 non
1297 2370 1428 2399 mutum.
