1650 2612
182 209 238 242 41.

180 612 239 643 42.

180 1017 237 1048 43.

182 1420 238 1452 44.

181 1827 237 1858 45.

178 2236 234 2268 46.

706 117 938 151 -77—

264 209 348 249 Iesu,
375 209 458 240 sicut
482 209 589 241 David
612 219 678 250 rex,

313 256 386 287 dum
412 259 461 286 est
484 257 629 289 anxiatus

263 302 303 333 In
328 302 480 341 spelunca
504 303 545 334 ad
571 304 674 347 ollam,

311 358 330 380 a
354 353 387 380 te
412 349 590 381 consolatus

263 395 432 436 Redditur,
459 397 505 427 sic
530 399 561 427 et
585 406 642 429 nos

311 442 344 474 in
370 443 531 475 anxietate

264 489 389 521 Positos
416 489 566 522 exaudias

310 539 365 568 tua
388 536 518 575 pietate.

266 611 349 652 Iesu,
376 612 429 651 qui
455 620 559 653 regem
587 612 691 644 David

313 658 459 690 faciendo
484 662 586 690 tutum

264 706 294 736 A
318 705 383 737 filio
409 705 561 737 Absalom

311 753 418 785 salvas
442 755 653 791 persecutum,

263 799 294 830 A
320 802 529 839 persequente
553 800 705 830 daemone

311 847 401 877 salva
424 846 632 886 paenitentes,

262 892 299 924 In
324 894 465 932 peccatis
490 894 631 925 excitans

313 940 367 971 diu
394 940 595 973 dormientes

265 1014 347 1057 Iesu,
374 1014 458 1046 sicut
481 1015 587 1047 David
613 1018 645 1046 te

310 1061 472 1093 benedicit
495 1061 608 1103 Deum,

266 1107 390 1140 Goliam
416 1109 449 1139 in
473 1108 595 1148 proelio

311 1156 384 1187 dum
411 1155 510 1186 vincit
534 1154 751 1197 Philistaeum,

261 1202 320 1239 Ita¹
349 1203 474 1243 quando
500 1202 654 1233 vincimus

310 1250 426 1291 hostes,
453 1258 531 1289 quos
555 1249 709 1289 vulemus,

263 1296 352 1328 Sicut
372 1296 560 1335 invisibiles,

312 1344 366 1384 da,
389 1346 425 1374 ut
448 1347 481 1374 te
504 1343 679 1375 laudemus„

267 1418 349 1461 Iesu,
377 1427 470 1458 quem
493 1419 546 1451 hic
570 1418 676 1450 David
702 1427 758 1450 rex

314 1466 425 1499 laudat
451 1466 630 1506 exaltando,

267 1513 381 1545 Omnes
407 1516 502 1553 atque
526 1513 604 1545 alios

313 1561 356 1592 ad
380 1560 466 1592 idem
491 1561 658 1596 hortando,

265 1606 312 1637 Te
335 1607 468 1640 laudare
492 1607 608 1646 tribue,

314 1664 371 1686 rex
395 1655 624 1694 universorum,

266 1700 361 1733 Cuius
386 1709 516 1741 regnum
542 1701 680 1733 omnium

313 1758 445 1789 regnum
470 1748 679 1781 saeculorum.

265 1826 348 1866 lesu,
374 1834 466 1866 quem
490 1824 647 1865 propheta
672 1823 724 1854 hic

311 1873 401 1905 iubet
426 1872 609 1918 collaudare

265 1919 378 1960 Nobis,
404 1929 445 1952 ne
470 1921 504 1952 in
524 1919 607 1958 aliis,

311 1969 364 2008 qui
389 1968 524 1999 salutem
551 1967 627 1998 dare

262 2015 441 2057 Nequeunt,
467 2013 672 2053 confidamus,

310 2066 346 2095 tu
370 2063 456 2096 solus
481 2062 610 2095 adiutor

263 2110 376 2149 Verus,
405 2110 530 2142 dicens:
558 2118 614 2149 ego
640 2116 708 2141 sum

307 2158 395 2190 Deus
422 2160 454 2189 et
478 2167 541 2190 non
566 2159 680 2188 mutor.

262 2235 345 2276 Iesu,
374 2234 460 2266 cuius
485 2234 633 2267 laudibus

309 2283 378 2314 laus
404 2284 453 2313 est
475 2281 637 2319 delectari,

261 2328 354 2361 Dona
377 2329 479 2369 nobis,
507 2328 560 2370 qui
585 2337 643 2368 per
667 2330 700 2359 te

309 2378 452 2419 cupimus
478 2376 606 2418 salvari,

862 428 917 461 47.

864 832 919 863 48.

865 1234 919 1265 49.

868 1638 922 1669 50.

864 2043 918 2076 51.

942 212 988 245 Ut
1006 211 1144 242 iucunda
1166 209 1303 248 plurima

987 267 1045 298 per
1069 260 1101 288 te
1126 257 1210 288 omni
1234 256 1312 288 hora

941 305 1060 337 Nostra
1084 304 1125 335 sit
1148 303 1289 335 laudatio

990 358 1175 391 semperque
1201 350 1325 382 decora.

941 428 1024 466 Iesu,
1050 435 1142 466 quem
1166 424 1338 457 Ierusalem

989 474 1100 506 laudat
1123 472 1287 512 spiritalis,

942 521 1070 553 Scilicet
1094 519 1236 557 ecclesia,

988 569 1119 606 protege
1143 566 1200 598 sub
1227 566 1285 597 alis

943 614 1134 653 Semperque
1159 613 1291 644 celerius

986 661 1107 701 perduc
1130 669 1186 692 nos
1211 660 1310 690 ituros

942 708 1117 740 Caelestem
1141 708 1173 738 in
1199 706 1374 737 Jerusalem

988 762 1112 792 semper
1136 761 1368 792 permansuros.

945 829 1029 869 Iesu,
1055 828 1108 867 qui
1132 829 1291 859 creaturas

990 876 1041 907 hic
1066 874 1243 914 superiores

941 923 988 954 Te
1011 922 1205 954 laudandum
1228 921 1353 953 inducis

990 973 1022 1000 et
1045 967 1222 1008 inferiores,

941 1016 1077 1055 LaudeS,
1104 1024 1181 1055 quas
1206 1014 1374 1055 offerimus,

988 1065 1154 1103 acceptare
1179 1070 1255 1093 cura

943 1109 1008 1141 Nos
1034 1108 1230 1141 beatitudine

991 1157 1095 1188 ditans
1117 1163 1333 1194 permansura.

945 1232 1028 1272 Iesu,
1057 1231 1107 1262 cui
1132 1230 1286 1262 canticum

990 1287 1106 1310 novum
1133 1277 1228 1309 corde
1252 1276 1369 1309 mundo

947 1325 1007 1357 Hic
1033 1325 1202 1357 decantant
1226 1323 1337 1356 fideles

993 1381 1051 1412 pro
1077 1372 1215 1404 adventu
1239 1371 1377 1403 secundo

945 1420 1012 1452 Tuo
1038 1420 1079 1451 ad
1104 1418 1263 1460 iudicium,

993 1466 1066 1506 quia
1090 1466 1123 1497 in
1148 1468 1308 1497 aeternum

947 1514 1073 1555 Vivent,
1101 1513 1224 1553 quando
1251 1512 1381 1553 pessimi

996 1561 1164 1593 tradentur
1187 1560 1219 1591 in
1245 1559 1413 1593 infernum,

946 1638 1029 1675 Iesu,
1056 1637 1108 1676 qui
1133 1636 1172 1668 ab
1199 1636 1341 1667 omnibus

994 1684 1111 1715 sanctis
1136 1684 1183 1715 vis
1208 1683 1332 1715 laudari

945 1730 996 1762 Ab
1023 1730 1067 1761 eis
1092 1732 1246 1770 perpetuo

995 1780 1026 1808 et
1049 1776 1231 1816 glorificari,

946 1825 1020 1856 Iure
1043 1833 1101 1855 nos
1125 1823 1323 1856 laudabimus

992 1874 1080 1903 tuum
1105 1873 1249 1903 sanctum
1273 1879 1399 1911 nomen,

946 1918 1026 1957 Quia
1050 1919 1150 1950 omnis
1175 1918 1305 1958 spiritus

991 1970 1023 1998 te
1049 1966 1217 2005 collaudat,
1244 1966 1355 1997 Amen.

944 2043 1046 2075 Amen
1074 2043 1152 2074 dicit
1177 2043 1328 2082 colligens

992 2091 1045 2122 hic
1069 2093 1179 2129 petens
1205 2090 1353 2122 solamen.

946 2139 1048 2170 Amen
1074 2138 1153 2169 dicit
1173 2137 1289 2169 iterum

993 2185 1157 2225 postulans
1183 2185 1333 2227 levamen,

944 2234 1047 2265 Amen
1074 2233 1149 2264 dicit
1175 2232 1268 2264 tertio

991 2288 1126 2320 poscens
1149 2280 1345 2312 adiuvamen.

946 2327 1036 2366 Suae,
1064 2328 1147 2367 Iesu,
1174 2327 1298 2360 animae

993 2375 1153 2407 miserere.
1203 2374 1315 2411 Amen.
