1650 2612
184 198 240 231 13.

186 515 241 547 14.

186 833 240 864 15.

187 1151 239 1182 16.

186 1468 239 1499 17.

187 1786 241 1819 18.

187 2113 240 2147 19.

703 100 934 135 -54—

264 199 344 240 Ave,
365 199 449 238 Iesu,
472 207 531 230 nos
552 197 677 236 respice

266 245 380 277 Servos
404 248 474 276 tuos
500 248 530 275 et
555 242 650 276 refice

315 292 449 324 Caelesti
475 290 650 327 dulcedine,

268 338 388 369 Stultus
413 338 510 368 stulta
532 336 710 377 meditatur,

265 385 306 416 Ei
331 386 430 416 lectus
455 387 622 423 superatur

312 431 570 462 Phantasmatum
595 428 731 460 turbine.

267 514 346 554 Ave,
373 514 454 555 Iesu,
481 513 628 552 puritatis

266 561 397 600 Auctor,
422 560 519 601 pacis,
546 558 697 598 veritatis,

311 608 422 640 Custos
445 605 651 645 innocentiae,

262 654 313 686 Ex
338 655 398 685 hoc
420 654 537 685 mundo
562 652 757 691 triumphare

264 702 330 733 Fac
354 709 412 739 me,
438 709 561 741 precor,
588 703 617 730 et
645 699 767 730 calcare

311 747 488 786 Principem
512 746 689 787 superbiae.

268 835 347 875 Ave,
371 832 453 873 Iesu,
479 832 565 863 Deus
589 839 685 870 meus,

265 880 317 911 Ad
343 883 375 910 'te
400 879 512 909 clamat
538 878 637 909 omnis
663 886 734 908 reus

313 926 513 965 Clementem,
536 925 718 965 propitium,

263 973 312 1004 Tu
338 981 369 1004 es
394 972 479 1003 vitae
503 973 564 1013 via,
588 974 689 1003 strata

265 1019 443 1051 Paenitenti
466 1027 565 1058 usque
588 1021 679 1057 grata

310 1065 468 1097 Tendenti
491 1066 532 1097 ad
557 1065 741 1105 praemium.

266 1151 344 1191 Ave,
371 1150 453 1190 ΙΕεΠ,
479 1157 615 1180 summus
640 1158 737 1190 amor,

264 1196 310 1227 Te
333 1199 458 1227 moveat
479 1204 566 1227 meus
593 1196 710 1226 clamor

310 1244 363 1275 Ad
387 1243 644 1280 misericordiam,

266 1289 356 1321 Dono
380 1291 454 1320 tuae
474 1289 602 1328 pietatis

266 1336 344 1375 Igne
369 1335 439 1366 dele
464 1336 603 1367 caritatis

312 1383 530 1414 Peccaminum
555 1382 686 1421 copiam.

265 1467 344 1506 Ave,
369 1466 450 1505 Iesu,
477 1466 574 1497 robur
598 1474 709 1505 meum,

268 1513 325 1551 Qui
350 1512 550 1552 confringens
577 1513 755 1544 calcaneum

311 1560 519 1592 Adversantis
545 1560 657 1601 zabuli,

267 1607 304 1637 In
328 1607 387 1638 hac
411 1607 476 1638 vita
499 1615 549 1637 me
575 1605 718 1637 conforta

266 1652 311 1684 Et
338 1653 378 1685 ad
404 1662 529 1693 gregem
552 1661 602 1684 me
627 1656 787 1692 comporta

313 1701 371 1732 Tui
399 1700 601 1733 tabernaculi.

267 1787 346 1826 Ave,
371 1785 453 1826 Iesu,
482 1784 548 1816 dies
573 1784 668 1823 clara,

268 1833 363 1871 Quem
387 1840 449 1863 non
476 1832 561 1870 capit
575 1840 664 1862 mens
681 1840 789 1863 amara

313 1879 381 1910 Nec
403 1879 542 1909 nutantis
566 1878 658 1915 oculi,

266 1926 367 1957 Tuum
391 1933 504 1955 nomen
529 1927 696 1956 veneratur

267 1972 318 2003 Ab
344 1971 486 2003 omnibus
512 1974 543 2002 et
565 1971 715 2002 laudatur

314 2019 351 2050 In
375 2018 534 2049 saeculum
556 2018 684 2049 saeculi.

267 2113 346 2153 Ave,
372 2110 454 2154 Iesu,
482 2120 538 2142 rex
564 2111 731 2151 caelorum,

269 2160 328 2191 Pia
349 2166 446 2200 prece
468 2166 676 2197 supernorum

314 2205 460 2238 Emunda
483 2214 540 2236 nos
565 2204 651 2241 vitio,

268 2253 351 2285 Dum
376 2252 527 2284 recordor
550 2255 634 2283 tuam
661 2259 779 2291 necem,

270 2301 364 2341 Pone,
377 2307 501 2339 precor,
514 2302 652 2330 nostram
665 2307 791 2338 precem

314 2347 352 2378 1n
377 2346 455 2377 caeli
480 2345 629 2377 sacrario.

860 196 916 228 20.
943 197 1021 236 Ave,
1045 195 1128 234 Iesu,
1153 204 1211 227 rex
1235 193 1351 231 suavis,

857 512 911 545 21.

858 833 913 864 22.

855 1150 911 1181 23.

857 1467 911 1500 24.

860 1786 914 1818 25.

860 2112 916 2143 26.

941 242 998 280 Qui
1022 242 1065 273 ad
1088 241 1191 273 instar
1214 242 1316 273 laetus
1341 239 1410 271 avis

987 288 1142 327 Repetisti
1166 295 1291 327 supera,

941 335 1014 366 Tibi
1038 343 1149 373 preces
1174 333 1343 372 offerimus,

937 381 1120 413 Exaltatum
1145 384 1178 411 ‘te
1202 380 1359 412 credimus

988 428 1091 466 Supra
1116 428 1195 458 caeli
1220 426 1336 459 sidera.

937 513 1017 554 Ave,
1046 512 1128 552 Iesu,
1154 520 1227 551 spes
1251 512 1441 551 sanctorum,

937 559 984 590 Te
1008 567 1124 590 vesana
1149 559 1339 590 Iudaeorum

985 605 1094 638 Turba
1116 606 1211 637 morti
1234 605 1379 646 tradidit,

937 653 983 684 Te
1006 651 1138 692 flagellis
1164 651 1356 691 ceciderunt,

940 699 1035 731 Cruci
1061 699 1184 730 demum
1209 697 1399 739 adfixerant,

985 748 1030 780 Ut
1054 746 1213 785 scriptura
1236 746 1390 785 prodidit.

938 832 1017 871 Ave,
1043 831 1125 869 Iesu,
1153 831 1239 862 ouius
1263 839 1372 861 mensa

938 877 1104 909 Fidelibus
1129 880 1177 908 est
1199 880 1329 909 extensa

984 925 1101 964 Longe,
1128 925 1193 955 late
1216 924 1353 965 populis,

939 972 1008 1004 Hac
1030 971 1064 1002 in
1088 979 1196 1003 mensa
1219 971 1401 1002 immolatur

938 1020 1047 1058 Agnus
1072 1018 1137 1057 ille,
1164 1027 1223 1058 quo
1245 1018 1416 1048 mundatur

984 1064 1124 1096 Mundus
1147 1065 1261 1104 plenus
1282 1064 1426 1096 maculis.

936 1149 1016 1189 Ave,
1041 1148 1123 1189 lesu,
1150 1149 1204 1188 qui
1229 1149 1342 1180 creasti

938 1195 1064 1227 Caelum
1089 1198 1267 1235 terramque
1291 1193 1433 1226 fundasti

982 1242 1027 1274 Et
1050 1240 1155 1273 fecisti
1179 1242 1289 1281 maria,

938 1289 998 1327 Qui
1022 1291 1145 1319 creator
1170 1297 1203 1320 es
1227 1289 1375 1329 omnium,

940 1335 1037 1368 Cordi
1060 1343 1130 1367 meo
1157 1336 1198 1367 da
1223 1335 1379 1378 gaudium,

986 1382 1075 1421 Quod
1101 1383 1240 1422 expellat
1264 1383 1383 1414 vitium.

938 1468 1017 1508 Ave,
1040 1466 1122 1506 Iesu,
1149 1466 1258 1498 mundi
1282 1467 1376 1504 salus,

941 1513 1034 1545 Cuius
1061 1513 1142 1544 dono
1165 1514 1259 1545 homo
1282 1513 1390 1552 lapsus

984 1559 1092 1591 Rediit
1115 1560 1148 1591 in
1170 1559 1316 1601 patriam,

938 1607 987 1638 Tu
1008 1606 1136 1645 veritas,
1163 1608 1238 1648 vita,
1264 1606 1325 1646 via,

938 1653 1008 1694 Via,
1033 1653 1170 1694 inquam,
1196 1654 1291 1691 mitis,
1316 1653 1371 1693 pia

984 1701 1029 1732 Et
1051 1705 1230 1732 monstrans
1250 1700 1413 1735 iustitiam,

939 1785 1019 1824 Ave,
1043 1784 1126 1823 Iesu,
1152 1784 1184 1815 in
1210 1784 1355 1822 supernis

940 1831 1061 1863 Sedens
1074 1839 1185 1870 preces
1199 1831 1327 1870 quinon
1341 1833 1466 1871 spernis

988 1878 1126 1909 Tuorum
1149 1877 1302 1917 fidelium,

940 1925 977 1956 In
1004 1924 1159 1966 directum
1182 1925 1260 1956 siste
1284 1926 1398 1964 pedem

941 1972 1048 2003 Meum
1074 1971 1176 2002 deduc
1201 1975 1232 2003 et
1256 1972 1298 2003 ad
1323 1974 1430 2005 sedem

989 2017 1202 2056 supernorum
1228 2019 1352 2051 civium.

941 2112 1023 2152 Ave,
1047 2111 1131 2151 Iesu,
1157 2112 1242 2143 salus
1267 2121 1347 2153 mea,

940 2157 1121 2189 Roboretur
1144 2160 1199 2190 tuo
1223 2167 1293 2190 mea

987 2205 1097 2236 Virtus
1122 2205 1288 2243 adiutorio,

943 2252 990 2283 Te
1013 2251 1124 2284 Iudaei
1149 2252 1354 2293 reliquerunt,

943 2298 1007 2330 Sed
1031 2298 1134 2337 angeli
1157 2304 1366 2338 susceperunt

991 2345 1067 2377 Cum
1091 2345 1210 2385 ingenti
1235 2346 1360 2386 gaudio.
