1650 2612
744 104 1002 139 —214—

243 205 295 236 52.
322 203 401 242 Ave,
426 202 526 241 gradu
548 199 659 231 humili

241 607 295 638 53.

240 1010 294 1040 54.

241 1411 294 1442 55.

246 2217 299 2249 57.

365 257 443 288 quae
467 247 595 280 intrasti
620 247 743 278 domum

317 297 417 328 Laeta
441 299 472 326 et
496 294 537 326 ad
561 293 618 324 filii

364 340 573 373 conscendisti
597 341 752 378 thronum,

316 390 376 429 Da,
400 391 436 419 ut
457 396 560 419 meum
584 387 662 418 inibi

361 437 491 467 haereat
515 442 569 465 cor
592 436 691 465 totum

317 483 361 514 Et
385 482 444 513 hoc
469 481 619 513 desiderii

362 531 436 561 actu
459 529 502 560 sit
525 528 682 560 devotum.

321 607 401 645 Ave,
428 605 514 635 cuius
539 603 621 634 oculi

366 651 534 682 columbini
559 650 672 688 cordis,

315 699 353 731 In
381 700 547 737 conspeetu
571 696 698 728 Domini

363 745 408 776 nil
432 745 583 776 habentes
607 745 720 784 sordis,

316 792 431 824 Fixisti
454 790 606 823 immobili

323 833 334 835 “
363 842 448 870 motu
473 841 505 869 et
528 838 674 879 cohortis,

319 885 476 917 Plaudant
500 886 584 916 cives
610 884 718 915 caelici

365 932 422 963 tibi
447 935 574 963 nostrae
598 931 702 965 sortis.

317 1009 397 1046 Ave,
424 1007 508 1038 cuius
533 1006 635 1038 anima

367 1054 491 1085 transiit
514 1057 694 1096 torrentem,

320 1102 413 1134 Cuius
437 1109 496 1131 nec
519 1100 624 1131 inania

367 1147 543 1180 demersere
567 1149 711 1185 mentem,

321 1195 391 1231 Ora,
416 1202 456 1225 ne
483 1193 627 1232 decipula

367 1245 451 1272 tuam
477 1239 569 1272 fallat
592 1243 725 1279 gentem,

321 1287 383 1320 Sed
408 1290 552 1319 venatum
581 1287 700 1326 disslpa

366 1338 397 1366 et
421 1333 581 1373 confringe
607 1334 740 1365 dentem.

322 1411 400 1448 Ave,
427 1409 517 1440 vallis
541 1409 701 1448 montium,

365 1458 501 1487 montem
525 1464 604 1496 quae
628 1456 729 1487 tulisti

319 1503 362 1534 Et
387 1503 428 1534 ad
452 1501 589 1534 fructum
613 1503 740 1534 vallium

369 1549 485 1581 Christi
508 1549 719 1590 pertransisti,

321 1597 370 1628 De
396 1596 506 1635 quibus
532 1596 684 1628 sterilium

367 1644 469 1675 sulcos
494 1643 638 1683 repulisti

321 1691 438 1722 Rerum
464 1694 496 1721 et
518 1690 642 1722 utilium

368 1738 508 1778 germina
530 1738 649 1771 sevisti.

287 1838 294 1845 .
319 1815 399 1854 Ave,
425 1822 504 1853 quae
527 1813 675 1845 solacium

370 1860 444 1893 Sion
468 1860 617 1899 tribuisti,

321 1908 399 1939 Eius
425 1916 492 1939 cum
518 1916 576 1947 per
601 1907 697 1939 filium

370 1957 477 1993 captos
505 1955 696 1995 convertisti,

322 2001 425 2040 Reple
448 2005 589 2032 nostrum
612 2002 724 2040 gaudio

371 2055 405 2078 os
429 2051 463 2077 ut
486 2048 559 2079 Iesu
585 2047 701 2079 Christi

324 2093 445 2132 Lingua
468 2098 576 2125 nostra
598 2094 695 2126 iubilo

369 2144 518 2180 personet
541 2149 602 2172 non
627 2142 721 2173 tristi.

325 2217 403 2257 Ave,
430 2216 516 2246 cujus
539 2215 638 2246 nobili

374 2262 482 2294 domus
508 2262 654 2301 insignita

326 2309 430 2341 'l'itnlo
456 2312 486 2340 et
510 2309 625 2348 spiritu

374 2359 481 2389 sancto
507 2356 662 2388 custodita

911 413 966 446 58.

897 819 963 850 ·59.

913 1221 969 1253 60.

914 1624 969 1657 61.

918 2031 972 2062 62.

992 199 1098 236 Atque
1120 197 1167 228 sic
1191 196 1374 228 custodibus

1039 244 1104 274 eius
1128 244 1324 282 communita,

991 292 1038 324 Ut
1060 290 1103 320 sit
1124 290 1157 321 in
1183 289 1337 328 refugium

1036 337 1127 367 nobis
1152 336 1311 375 expedita,

990 414 1069 453 Ave,
1096 420 1177 451 quae
1201 414 1236 442 ut
1259 411 1352 444 vinea

1036 459 1193 499 pampinis
1219 458 1370 497 abundat,

992 505 1150 538 Praebens
1175 505 1410 545 adumbracula,

1038 556 1142 584 aestus
1166 561 1243 593 quos
1267 553 1440 594 impugnat,

992 600 1103 633 Carnis
1129 601 1175 631 sic
1198 599 1404 639 temptamina

1037 648 1194 686 quaelibet
1218 647 1403 686 secundans,

991 696 1039 728 Ut
1057 694 1122 725 sint
1144 695 1223 725 haec
1242 693 1401 733 incendia,

1036 744 1072 772 ut
1094 750 1147 773 aes
1171 741 1252 781 ignis
1276 741 1441 774 mundans.

990 820 1068 856 Ave,
1096 816 1295 848 cervicositas

1037 873 1096 903 per
1120 872 1211 903 quam
1233 865 1438 902 peccatorum

993 911 1147 950 Concidit,
1175 914 1205 942 et
1229 910 1353 941 bonitas

1037 958 1140 996 patuit
1163 958 1323 995 bonorum,

991 1005 1198 1044 Expugnetur
1221 1003 1344 1036 falsitas

1039 1060 1097 1090 per
1120 1055 1153 1082 te
1174 1058 1406 1092 perversorum,

994 1098 1038 1130 Ut
1064 1101 1231 1138 consurget
1255 1096 1378 1128 fabrica

1039 1153 1167 1184 operum
1192 1144 1325 1185 piorum.

993 1222 1073 1260 Ave,
1100 1220 1141 1251 ad
1165 1220 1347 1259 precamina

1039 1275 1129 1298 aures
1154 1275 1233 1307 quae
1257 1266 1395 1298 intendis

993 1314 1068 1346 Tuis
1094 1317 1126 1344 et
1147 1314 1331 1353 peccamina

1040 1360 1188 1399 precibus
1214 1359 1370 1401 defendis,

993 1407 1119 1440 Exhibe
1142 1408 1309 1447 iuvamina,

1040 1457 1075 1485 ut
1099 1455 1183 1486 vitae
1206 1455 1353 1493 perennis

994 1502 1109 1533 Tecum
1135 1502 1178 1533 sit
1198 1502 1233 1533 in
1256 1503 1362 1543 patria

1043 1549 1161 1580 mansio
1190 1549 1352 1582 sollennis.

994 1627 1074 1662 Ave,
1101 1633 1181 1664 quae
1204 1624 1336 1656 humilia

1043 1672 1082 1703 de
1108 1675 1140 1702 te
1163 1672 1334 1712 sentiebas,

997 1719 1073 1751 Cum
1097 1719 1131 1750 in
1155 1722 1187 1751 te
1211 1720 1371 1760 magnalia

1041 1765 1127 1797 Deus
1153 1765 1300 1806 faciebat,

996 1814 1070 1845 Plus
1095 1814 1233 1856 placens,
1261 1815 1345 1854 quod
1370 1823 1487 1846 cernua

1045 1869 1136 1900 quam
1161 1862 1244 1901 quod
1271 1862 1358 1902 virgo
1385 1870 1465 1902 eras,

998 1907 1057 1947 Qui
1079 1917 1137 1940 nos
1161 1918 1181 1940 a
1204 1909 1362 1949 supplicia

1043 1963 1102 1994 per
1126 1958 1159 1986 te
1184 1956 1322 1990 eruebat.

998 2033 1077 2070 Ave,
1102 2031 1208 2069 proles
1233 2029 1379 2071 Davidis,

1044 2077 1131 2117 virgo
1155 2080 1328 2118 mansueta,

998 2125 1061 2156 Per
1083 2127 1115 2154 te
1141 2124 1233 2163 culpa
1260 2123 1355 2155 desiit

1044 2174 1077 2201 et
1099 2170 1186 2201 fraus
1211 2174 1261 2200 est
1284 2171 1400 2213 deleta,

999 2217 1075 2249 Cum
1100 2217 1140 2249 de
1163 2218 1274 2248 ventre
1297 2218 1419 2258 prodiit

1045 2267 1097 2294 tuo
1122 2264 1206 2294 salus
1232 2272 1317 2304 vera,

997 2311 1083 2342 Deus
1108 2310 1154 2340 tui
1177 2310 1293 2341 meruit

1047 2355 1237 2389 conferenda
1260 2357 1355 2392 laeta.
