1650 2612
238 174 291 207 14.
315 174 365 205 Tu
389 174 477 206 Raab
500 173 667 214 funiculus,

234 574 288 607 15.

234 975 287 1008 16.

232 1378 287 1409 17.

231 1780 284 1813 18.

230 2184 283 2217 19.

365 223 420 251 tua
443 230 494 252 me
518 221 655 252 extraxit

319 268 426 299 Virtus
453 268 493 299 de
515 267 661 299 miseriae

363 314 443 353 lacu,
469 323 520 345 me
544 314 683 352 attraxit,

315 362 431 401 Prope,
455 361 549 400 longe
572 360 708 398 positum

363 407 403 439 ad
429 407 540 438 bonum
566 405 732 444 pertraxit,

317 454 366 485 Ne
390 453 504 484 malum
530 455 716 492 repeterem,

362 509 381 531 a
403 500 486 530 malo
509 499 653 531 retraxit.

314 575 362 605 Tu
387 573 624 604 misericordiae

357 620 435 651 mihi
459 620 541 659 pluis
568 629 681 659 rorem,

315 668 373 710 Tu,
399 667 479 699 vitta
506 667 659 707 coccinea,

358 715 429 746 Iesu
454 714 495 745 ad
520 722 657 745 amorem

312 761 374 793 Cor
397 760 525 801 stringis
546 760 718 799 affectibus,

361 807 517 839 mellicum
544 816 686 847 saporem

313 854 469 896 Infundis,
495 856 531 886 ut
553 854 645 886 dulce
668 854 711 885 sit

359 902 447 940 sequi
470 902 710 941 redemptorem.

314 977 338 1008 O
365 985 445 1015 aqua
468 985 607 1015 rosacea,

360 1032 451 1063 quam
476 1022 583 1055 fervor
607 1022 722 1055 amoris

311 1070 433 1101 Eduxit
456 1071 495 1101 de
518 1070 618 1101 latere

359 1125 451 1148 rosae
474 1116 674 1158 pulchrioris,

312 1163 400 1194 Inter
425 1173 513 1195 rosas
537 1163 696 1194 hominum

358 1211 500 1249 perversi
524 1210 647 1241 ardoris

310 1257 504 1288 Incentivum
528 1256 663 1295 prohibe

358 1313 377 1334 a
402 1303 537 1335 claustro
563 1302 703 1342 pudoris.

312 1378 372 1409 Tui
398 1378 503 1410 cordis
527 1378 647 1416 scissio,

359 1426 441 1465 Iesu,
467 1424 647 1457 scissionem

312 1471 409 1504 Cordi
433 1480 501 1503 mco
526 1472 657 1512 ingerat,

360 1518 606 1550 vulnerationem

311 1565 363 1597 Ex
387 1574 494 1596 amore
517 1565 634 1597 sentiat

358 1620 411 1644 001
438 1615 469 1642 et
491 1612 666 1651 passionem

311 1659 410 1691 Tuam
436 1667 524 1690 suam
548 1657 645 1690 faciat

358 1714 416 1746 per
441 1705 696 1745 compassionem.

311 1780 460 1812 Paratum
487 1790 549 1822 cor,
576 1781 718 1819 Domine,

357 1836 458 1858 meum
484 1837 539 1859 eor
562 1831 706 1868 paratum

311 1874 368 1912 Sit,
390 1877 425 1904 ut
448 1874 507 1905 tibi
532 1875 659 1916 serviat,

357 1921 416 1963 fac,
443 1921 561 1952 habere
585 1924 696 1963 ratum,

314 1967 473 2006 Quidquid
496 1970 531 1999 tu
558 1967 734 1999 decreveris

358 2013 417 2056 fac,
444 2017 480 2045 ut
503 2014 671 2054 cogitatum

312 2061 406 2093 Suum
432 2062 472 2092 ad
498 2064 531 2093 te
556 2061 672 2102 dirigat

357 2117 416 2149 pro
439 2117 491 2139 me
514 2108 722 2142 vulneratum.

736 1994 744 2011 7

312 2183 444 2223 Sanguis
470 2186 543 2215 tuae
568 2183 717 2215 dexterae

355 2238 405 2261 me
431 2230 558 2269 dignum
583 2230 683 2262 beatis

310 2277 424 2309 Faciat
446 2277 654 2318 amplexibus,

357 2333 425 2356 cum
449 2324 694 2364 praedestinatis

749 79 979 113 „32-

906 389 960 421 20.

902 792 958 824 21.

901 1195 954 1226 22.

902 1597 956 1629 23.

902 2000 957 2032 24.

986 174 1040 206 Ad
1066 175 1208 206 dextram
1234 183 1284 206 me
1309 173 1450 209 collocet,

1035 222 1090 253 ubi
1116 221 1198 253 dono
1223 220 1321 261 gratis

988 268 1137 299 Paratum
1160 267 1336 307 percipiam

1033 323 1162 354 regnum
1188 313 1352 346 claritatis,

986 388 1023 420 In
1050 389 1166 419 virtute
1190 387 1350 427 sanguinis

1033 434 1088 474 tui,
1114 434 1186 465 Iesu
1213 433 1346 473 Christe,

985 481 1084 519 Quem
1109 480 1239 512 sinistra
1260 480 1405 519 protulit,

1033 536 1117 568 rogo,
1144 527 1279 558 mundus
1303 527 1365 557 iste

984 573 1067 605 Mihi
1093 572 1260 605 crucifixus
1285 573 1336 616 sit,

1030 620 1164 660 pauperi
1189 620 1310 656 assiste,

985 668 1036 699 Ne
1061 676 1128 699 cum
1155 667 1266 700 hoedis
1292 667 1418 700 audiam

1031 716 1114 754 Ite,
1140 714 1270 746 verbum
1295 714 1397 748 triste.

984 790 1009 822 Ο
1034 798 1144 821 manus
1168 789 1343 829 tornatiles,

1032 845 1147 868 aureae
1173 839 1204 867 et
1225 837 1340 876 plenae

982 883 1154 923 Iacynthis,
1183 883 1314 915 divitiae

1030 934 1156 962 vestrae
1177 939 1239 962 non
1263 932 1409 962 terrenae

984 976 1047 1009 Sed
1073 977 1234 1019 caelestes,
1260 977 1383 1009 animae

1029 1024 1172 1064 pauperi,
1200 1032 1316 1064 egenae

982 1071 1031 1102 De
1055 1073 1159 1103 vestro
1184 1070 1326 1110 tribuite,

1029 1121 1063 1149 ut
1087 1117 1130 1149 sit
1154 1118 1181 1148 ei
1208 1117 1297 1149 bene.

982 1193 1006 1224 Ο
1032 1201 1141 1224 manus
1166 1192 1331 1224 tornatiles

1028 1240 1112 1281 Iesu,
1137 1248 1188 1270 me
1207 1239 1328 1271 tornari

982 1287 1012 1317 A
1037 1286 1127 1318 vobis
1152 1286 1328 1325 expostulo,

1029 1343 1084 1365 vas
1109 1332 1170 1364 hoc
1194 1332 1415 1365 transformari

982 1381 1056 1412 Irae
1078 1381 1110 1412 in
1135 1389 1192 1411 vas
1216 1380 1346 1420 gratiae,

1030 1435 1156 1458 mensae
1180 1428 1377 1466 praesentari

984 1473 1129 1512 Caelesti,
1158 1477 1190 1505 et
1214 1483 1253 1505 ex
1279 1483 1314 1505 eo

1029 1521 1140 1553 laudes
1164 1521 1340 1560 propinari,

983 1596 1097 1627 Manus
1119 1595 1191 1627 Iesu
1216 1605 1340 1639 aureae,

1029 1652 1114 1685 rogo,
1139 1642 1303 1675 inauretur

981 1689 1052 1721 Hoc
1077 1698 1131 1722 vas
1158 1690 1198 1721 de
1219 1690 1361 1723 Arabiae

1031 1746 1117 1780 auro,
1143 1737 1315 1769 meditetur

984 1783 1074 1814 Mens
1100 1783 1140 1815 de
1163 1783 1248 1815 vitae
1269 1793 1416 1824 vespera,

1031 1831 1115 1869 quod
1139 1833 1240 1862 morte
1266 1831 1441 1873 claudetur,

983 1877 1072 1915 Quod
1098 1877 1202 1916 pulvis
1226 1878 1258 1909 in
1284 1878 1447 1917 pulverem

1030 1923 1092 1954 cito
1113 1927 1299 1958 revertetur.

983 1998 1055 2029 Hoc
1079 2008 1190 2030 aurum
1212 2001 1353 2033 Arabiae

1029 2048 1193 2084 peccatum
1219 2048 1370 2090 excludit,

982 2093 1054 2124 Hoc
1079 2095 1126 2124 est
1150 2094 1350 2136 sapientiam,

1031 2148 1111 2178 quae
1137 2142 1240 2173 0011115
1264 2142 1372 2175 illudit

983 2186 1173 2229 Commodis,
1200 2190 1369 2228 superbiae

1028 2234 1164 2266 motibus
1191 2236 1361 2278 concludit,

982 2279 1103 2312 Bonum
1128 2284 1378 2317 mansuetudinis

1030 2328 1178 2361 cordibus
1203 2330 1348 2367 includit.
