<?xml version="1.0" encoding="UTF-8"?>
<!DOCTYPE html PUBLIC "-//W3C//DTD XHTML 1.0 Transitional//EN"
    "http://www.w3.org/TR/xhtml1/DTD/xhtml1-transitional.dtd">
<html xmlns="http://www.w3.org/1999/xhtml" xml:lang="en" lang="en">
 <head>
  <title>
</title>
<meta http-equiv="Content-Type" content="text/html;charset=utf-8" />
  <meta name='ocr-system' content='tesseract 3.04.00' />
  <meta name='ocr-capabilities' content='ocr_page ocr_carea ocr_par ocr_line ocrx_word'/>
</head>
<body>
  <div class='ocr_page' id='page_1' title='image "./analectahymnica35drevuoft_00107.png"; bbox 0 0 1650 2612; ppageno 0'>
   <div class='ocr_carea' id='block_1_1' title="bbox 414 186 468 217">
    <p class='ocr_par' dir='ltr' id='par_1_1' title="bbox 414 186 468 217">
     <span class='ocr_line' id='line_1_1' title="bbox 414 186 468 217; baseline 0 -1"><span class='ocrx_word' id='word_1_1' title='bbox 414 186 468 217; x_wconf 85' lang='lat'>29.</span> 
     </span>
    </p>
   </div>
   <div class='ocr_carea' id='block_1_2' title="bbox 413 399 468 431">
    <p class='ocr_par' dir='ltr' id='par_1_2' title="bbox 413 399 468 431">
     <span class='ocr_line' id='line_1_2' title="bbox 413 399 468 431; baseline 0.018 -1"><span class='ocrx_word' id='word_1_2' title='bbox 413 399 468 431; x_wconf 88' lang='lat'>30.</span> 
     </span>
    </p>
   </div>
   <div class='ocr_carea' id='block_1_3' title="bbox 410 621 465 653">
    <p class='ocr_par' dir='ltr' id='par_1_3' title="bbox 410 621 465 653">
     <span class='ocr_line' id='line_1_3' title="bbox 410 621 465 653; baseline 0.018 -1"><span class='ocrx_word' id='word_1_3' title='bbox 410 621 465 653; x_wconf 85' lang='lat'>31.</span> 
     </span>
    </p>
   </div>
   <div class='ocr_carea' id='block_1_4' title="bbox 411 845 464 877">
    <p class='ocr_par' dir='ltr' id='par_1_4' title="bbox 411 845 464 877">
     <span class='ocr_line' id='line_1_4' title="bbox 411 845 464 877; baseline 0 0"><span class='ocrx_word' id='word_1_4' title='bbox 411 845 464 877; x_wconf 85' lang='lat'>32.</span> 
     </span>
    </p>
   </div>
   <div class='ocr_carea' id='block_1_5' title="bbox 408 1069 463 1102">
    <p class='ocr_par' dir='ltr' id='par_1_5' title="bbox 408 1069 463 1102">
     <span class='ocr_line' id='line_1_5' title="bbox 408 1069 463 1102; baseline 0.018 -1"><span class='ocrx_word' id='word_1_5' title='bbox 408 1069 463 1102; x_wconf 78' lang='lat'>33.</span> 
     </span>
    </p>
   </div>
   <div class='ocr_carea' id='block_1_6' title="bbox 409 1295 463 1326">
    <p class='ocr_par' dir='ltr' id='par_1_6' title="bbox 409 1295 463 1326">
     <span class='ocr_line' id='line_1_6' title="bbox 409 1295 463 1326; baseline 0 0"><span class='ocrx_word' id='word_1_6' title='bbox 409 1295 463 1326; x_wconf 85' lang='lat'>34.</span> 
     </span>
    </p>
   </div>
   <div class='ocr_carea' id='block_1_7' title="bbox 406 1518 462 1550">
    <p class='ocr_par' dir='ltr' id='par_1_7' title="bbox 406 1518 462 1550">
     <span class='ocr_line' id='line_1_7' title="bbox 406 1518 462 1550; baseline 0.018 -1"><span class='ocrx_word' id='word_1_7' title='bbox 406 1518 462 1550; x_wconf 82' lang='lat'>35.</span> 
     </span>
    </p>
   </div>
   <div class='ocr_carea' id='block_1_8' title="bbox 405 1744 459 1775">
    <p class='ocr_par' dir='ltr' id='par_1_8' title="bbox 405 1744 459 1775">
     <span class='ocr_line' id='line_1_8' title="bbox 405 1744 459 1775; baseline 0 0"><span class='ocrx_word' id='word_1_8' title='bbox 405 1744 459 1775; x_wconf 88' lang='lat'>36.</span> 
     </span>
    </p>
   </div>
   <div class='ocr_carea' id='block_1_9' title="bbox 401 1967 456 1999">
    <p class='ocr_par' dir='ltr' id='par_1_9' title="bbox 401 1967 456 1999">
     <span class='ocr_line' id='line_1_9' title="bbox 401 1967 456 1999; baseline 0.018 -1"><span class='ocrx_word' id='word_1_9' title='bbox 401 1967 456 1999; x_wconf 76' lang='lat'>37.</span> 
     </span>
    </p>
   </div>
   <div class='ocr_carea' id='block_1_10' title="bbox 401 2192 454 2223">
    <p class='ocr_par' dir='ltr' id='par_1_10' title="bbox 401 2192 454 2223">
     <span class='ocr_line' id='line_1_10' title="bbox 401 2192 454 2223; baseline 0 0"><span class='ocrx_word' id='word_1_10' title='bbox 401 2192 454 2223; x_wconf 87' lang='lat'>38.</span> 
     </span>
    </p>
   </div>
   <div class='ocr_carea' id='block_1_11' title="bbox 694 87 947 123">
    <p class='ocr_par' dir='ltr' id='par_1_11' title="bbox 694 87 947 123">
     <span class='ocr_line' id='line_1_11' title="bbox 694 87 947 123; baseline -0.004 -9"><span class='ocrx_word' id='word_1_11' title='bbox 694 87 947 123; x_wconf 78' lang='lat'>—104—</span> 
     </span>
    </p>
   </div>
   <div class='ocr_carea' id='block_1_12' title="bbox 494 182 1235 363">
    <p class='ocr_par' dir='ltr' id='par_1_12' title="bbox 495 182 1235 273">
     <span class='ocr_line' id='line_1_12' title="bbox 495 182 1235 225; baseline -0.001 -9"><span class='ocrx_word' id='word_1_12' title='bbox 495 186 573 225; x_wconf 84' lang='lat' dir='ltr'>Ave,</span> <span class='ocrx_word' id='word_1_13' title='bbox 599 184 679 220; x_wconf 87' lang='lat' dir='ltr'>Iesu,</span> <span class='ocrx_word' id='word_1_14' title='bbox 706 184 747 214; x_wconf 81' lang='lat' dir='ltr'>ad</span> <span class='ocrx_word' id='word_1_15' title='bbox 773 191 863 223; x_wconf 83' lang='lat' dir='ltr'>quem</span> <span class='ocrx_word' id='word_1_16' title='bbox 885 183 989 216; x_wconf 86' lang='lat' dir='ltr'>cordis</span> <span class='ocrx_word' id='word_1_17' title='bbox 1015 184 1054 215; x_wconf 85' lang='lat' dir='ltr'>dc</span> <span class='ocrx_word' id='word_1_18' title='bbox 1077 182 1235 225; x_wconf 85' lang='lat' dir='ltr'>profundo</span> 
     </span>
     <span class='ocr_line' id='line_1_13' title="bbox 496 229 1089 273; baseline -0.003 -9"><span class='ocrx_word' id='word_1_19' title='bbox 496 231 659 264; x_wconf 84' lang='lat' dir='ltr'><strong>Orationes</strong></span> <span class='ocrx_word' id='word_1_20' title='bbox 683 238 768 261; x_wconf 86' lang='lat' dir='ltr'>meas</span> <span class='ocrx_word' id='word_1_21' title='bbox 794 229 930 261; x_wconf 87' lang='lat' dir='ltr'>clamans</span> <span class='ocrx_word' id='word_1_22' title='bbox 956 229 1089 273; x_wconf 83' lang='lat' dir='ltr'>effundo,</span> 
     </span>
    </p>

    <p class='ocr_par' dir='ltr' id='par_1_13' title="bbox 494 276 1134 317">
     <span class='ocr_line' id='line_1_14' title="bbox 494 276 1134 317; baseline -0.002 -8"><span class='ocrx_word' id='word_1_23' title='bbox 494 277 588 309; x_wconf 83' lang='lat' dir='ltr'>Fiant</span> <span class='ocrx_word' id='word_1_24' title='bbox 613 284 703 307; x_wconf 88' lang='lat' dir='ltr'>aures</span> <span class='ocrx_word' id='word_1_25' title='bbox 728 279 800 307; x_wconf 88' lang='lat' dir='ltr'>tuae</span> <span class='ocrx_word' id='word_1_26' title='bbox 822 276 901 307; x_wconf 88' lang='lat' dir='ltr'>mihi</span> <span class='ocrx_word' id='word_1_27' title='bbox 924 277 1134 317; x_wconf 78' lang='lat' dir='ltr'>intendentes,</span> 
     </span>
    </p>

    <p class='ocr_par' dir='ltr' id='par_1_14' title="bbox 495 323 1097 363">
     <span class='ocr_line' id='line_1_15' title="bbox 495 323 1097 363; baseline 0.005 -10"><span class='ocrx_word' id='word_1_28' title='bbox 495 324 555 363; x_wconf 71' lang='lat' dir='ltr'>Qui</span> <span class='ocrx_word' id='word_1_29' title='bbox 579 323 724 354; x_wconf 87' lang='lat' dir='ltr'>misertus</span> <span class='ocrx_word' id='word_1_30' title='bbox 748 323 883 354; x_wconf 77' lang='lat' dir='ltr'>remittis</span> <span class='ocrx_word' id='word_1_31' title='bbox 906 323 1097 362; x_wconf 77' lang='lat' dir='ltr'><strong>iniquitates,</strong></span> 
     </span>
    </p>
   </div>
   <div class='ocr_carea' id='block_1_13' title="bbox 490 397 1168 577">
    <p class='ocr_par' dir='ltr' id='par_1_15' title="bbox 490 397 1168 577">
     <span class='ocr_line' id='line_1_16' title="bbox 493 397 1106 439; baseline -0.005 -9"><span class='ocrx_word' id='word_1_32' title='bbox 493 400 571 439; x_wconf 83' lang='lat' dir='ltr'>Ave,</span> <span class='ocrx_word' id='word_1_33' title='bbox 600 399 650 429; x_wconf 82' lang='lat' dir='ltr'>cui</span> <span class='ocrx_word' id='word_1_34' title='bbox 675 406 730 429; x_wconf 90' lang='lat' dir='ltr'>cor</span> <span class='ocrx_word' id='word_1_35' title='bbox 755 397 902 438; x_wconf 87' lang='lat' dir='ltr'>displicet</span> <span class='ocrx_word' id='word_1_36' title='bbox 927 397 1106 437; x_wconf 78' lang='lat' dir='ltr'>exaltatum,</span> 
     </span>
     <span class='ocr_line' id='line_1_17' title="bbox 493 444 1133 484; baseline -0.005 -7"><span class='ocrx_word' id='word_1_37' title='bbox 493 444 550 477; x_wconf 84' lang='lat' dir='ltr'>Cui</span> <span class='ocrx_word' id='word_1_38' title='bbox 573 447 696 483; x_wconf 86' lang='lat' dir='ltr'>gratum</span> <span class='ocrx_word' id='word_1_39' title='bbox 720 447 767 476; x_wconf 88' lang='lat' dir='ltr'>est</span> <span class='ocrx_word' id='word_1_40' title='bbox 790 447 903 484; x_wconf 86' lang='lat' dir='ltr'>sponte</span> <span class='ocrx_word' id='word_1_41' title='bbox 927 444 1133 482; x_wconf 86' lang='lat' dir='ltr'>humiliatum,</span> 
     </span>
     <span class='ocr_line' id='line_1_18' title="bbox 492 490 1041 533; baseline -0.005 -10"><span class='ocrx_word' id='word_1_42' title='bbox 492 492 546 523; x_wconf 80' lang='lat' dir='ltr'>Da</span> <span class='ocrx_word' id='word_1_43' title='bbox 567 491 659 522; x_wconf 87' lang='lat' dir='ltr'>nobis</span> <span class='ocrx_word' id='word_1_44' title='bbox 682 491 729 522; x_wconf 86' lang='lat' dir='ltr'>ita</span> <span class='ocrx_word' id='word_1_45' title='bbox 753 491 850 523; x_wconf 82' lang='lat' dir='ltr'>corde</span> <span class='ocrx_word' id='word_1_46' title='bbox 871 490 1041 533; x_wconf 74' lang='lat' dir='ltr'>humiliari,</span> 
     </span>
     <span class='ocr_line' id='line_1_19' title="bbox 490 536 1168 577; baseline 0.003 -9"><span class='ocrx_word' id='word_1_47' title='bbox 490 538 607 569; x_wconf 86' lang='lat' dir='ltr'>Tecum</span> <span class='ocrx_word' id='word_1_48' title='bbox 632 538 759 569; x_wconf 88' lang='lat' dir='ltr'>tandem</span> <span class='ocrx_word' id='word_1_49' title='bbox 784 540 820 570; x_wconf 89' lang='lat' dir='ltr'>ut</span> <span class='ocrx_word' id='word_1_50' title='bbox 842 538 998 577; x_wconf 87' lang='lat' dir='ltr'>possimus</span> <span class='ocrx_word' id='word_1_51' title='bbox 1024 536 1168 570; x_wconf 84' lang='lat' dir='ltr'>exaltari.</span> 
     </span>
    </p>
   </div>
   <div class='ocr_carea' id='block_1_14' title="bbox 490 620 1226 794">
    <p class='ocr_par' dir='ltr' id='par_1_16' title="bbox 490 620 1226 794">
     <span class='ocr_line' id='line_1_20' title="bbox 490 620 1063 664; baseline -0.002 -11"><span class='ocrx_word' id='word_1_52' title='bbox 490 623 569 663; x_wconf 80' lang='lat' dir='ltr'>Ave,</span> <span class='ocrx_word' id='word_1_53' title='bbox 596 622 676 664; x_wconf 76' lang='lat' dir='ltr'>Iesu,</span> <span class='ocrx_word' id='word_1_54' title='bbox 706 622 792 653; x_wconf 88' lang='lat' dir='ltr'>cuius</span> <span class='ocrx_word' id='word_1_55' title='bbox 814 620 1063 653; x_wconf 86' lang='lat' dir='ltr'>mansuetudinis</span> 
     </span>
     <span class='ocr_line' id='line_1_21' title="bbox 491 665 1188 708; baseline -0.004 -8"><span class='ocrx_word' id='word_1_56' title='bbox 491 667 657 708; x_wconf 79' lang='lat' dir='ltr'>Nunquam</span> <span class='ocrx_word' id='word_1_57' title='bbox 681 668 839 700; x_wconf 84' lang='lat' dir='ltr'>invenitur</span> <span class='ocrx_word' id='word_1_58' title='bbox 862 676 1008 700; x_wconf 86' lang='lat' dir='ltr'>numerus</span> <span class='ocrx_word' id='word_1_59' title='bbox 1031 668 1082 699; x_wconf 88' lang='lat' dir='ltr'>vel</span> <span class='ocrx_word' id='word_1_60' title='bbox 1106 665 1188 707; x_wconf 88' lang='lat' dir='ltr'><strong>finis,</strong></span> 
     </span>
     <span class='ocr_line' id='line_1_22' title="bbox 491 713 1226 754; baseline -0.003 -8"><span class='ocrx_word' id='word_1_61' title='bbox 491 715 566 754; x_wconf 78' lang='lat' dir='ltr'>Fac,</span> <span class='ocrx_word' id='word_1_62' title='bbox 592 718 636 754; x_wconf 87' lang='lat' dir='ltr'>ut,</span> <span class='ocrx_word' id='word_1_63' title='bbox 663 715 923 754; x_wconf 84' lang='lat' dir='ltr'>quemadmodum</span> <span class='ocrx_word' id='word_1_64' title='bbox 948 714 1020 747; x_wconf 91' lang='lat' dir='ltr'>olim</span> <span class='ocrx_word' id='word_1_65' title='bbox 1044 713 1226 754; x_wconf 85' lang='lat' dir='ltr'>iuravimus,</span> 
     </span>
     <span class='ocr_line' id='line_1_23' title="bbox 491 761 1138 794; baseline 0 0"><span class='ocrx_word' id='word_1_66' title='bbox 491 763 572 794; x_wconf 78' lang='lat' dir='ltr'>Vota</span> <span class='ocrx_word' id='word_1_67' title='bbox 596 766 704 794; x_wconf 88' lang='lat' dir='ltr'>nostra</span> <span class='ocrx_word' id='word_1_68' title='bbox 726 762 785 794; x_wconf 86' lang='lat' dir='ltr'>tibi</span> <span class='ocrx_word' id='word_1_69' title='bbox 810 762 946 794; x_wconf 85' lang='lat' dir='ltr'>reddere</span> <span class='ocrx_word' id='word_1_70' title='bbox 971 761 1138 794; x_wconf 83' lang='lat' dir='ltr'>valeamus,</span> 
     </span>
    </p>
   </div>
   <div class='ocr_carea' id='block_1_15' title="bbox 489 845 1270 1019">
    <p class='ocr_par' dir='ltr' id='par_1_17' title="bbox 489 845 1270 1019">
     <span class='ocr_line' id='line_1_24' title="bbox 490 845 1208 888; baseline -0.003 -10"><span class='ocrx_word' id='word_1_71' title='bbox 490 848 569 884; x_wconf 84' lang='lat' dir='ltr'>Ave,</span> <span class='ocrx_word' id='word_1_72' title='bbox 596 847 676 888; x_wconf 84' lang='lat' dir='ltr'>Iesu,</span> <span class='ocrx_word' id='word_1_73' title='bbox 703 847 736 877; x_wconf 91' lang='lat' dir='ltr'>in</span> <span class='ocrx_word' id='word_1_74' title='bbox 761 856 820 886; x_wconf 88' lang='lat' dir='ltr'>quo</span> <span class='ocrx_word' id='word_1_75' title='bbox 845 846 991 877; x_wconf 87' lang='lat' dir='ltr'>habitare</span> <span class='ocrx_word' id='word_1_76' title='bbox 1016 848 1064 876; x_wconf 85' lang='lat' dir='ltr'>est</span> <span class='ocrx_word' id='word_1_77' title='bbox 1082 845 1208 884; x_wconf 89' lang='lat' dir='ltr'>bonum,</span> 
     </span>
     <span class='ocr_line' id='line_1_25' title="bbox 489 891 1270 932; baseline -0.001 -9"><span class='ocrx_word' id='word_1_78' title='bbox 489 891 565 924; x_wconf 85' lang='lat' dir='ltr'>Sine</span> <span class='ocrx_word' id='word_1_79' title='bbox 589 902 649 932; x_wconf 89' lang='lat' dir='ltr'>quo</span> <span class='ocrx_word' id='word_1_80' title='bbox 675 902 739 925; x_wconf 88' lang='grc'>11011</span> <span class='ocrx_word' id='word_1_81' title='bbox 764 893 953 925; x_wconf 85' lang='lat' dir='ltr'>conveniunt</span> <span class='ocrx_word' id='word_1_82' title='bbox 977 891 1093 924; x_wconf 82' lang='lat' dir='ltr'>fratres</span> <span class='ocrx_word' id='word_1_83' title='bbox 1117 891 1150 922; x_wconf 90' lang='lat' dir='ltr'>in</span> <span class='ocrx_word' id='word_1_84' title='bbox 1174 899 1270 923; x_wconf 88' lang='lat' dir='ltr'>unum</span> 
     </span>
     <span class='ocr_line' id='line_1_26' title="bbox 490 939 1263 979; baseline -0.003 -8"><span class='ocrx_word' id='word_1_85' title='bbox 490 940 536 971; x_wconf 79' lang='lat' dir='ltr'>Et</span> <span class='ocrx_word' id='word_1_86' title='bbox 557 948 616 978; x_wconf 80' lang='lat' dir='ltr'>per</span> <span class='ocrx_word' id='word_1_87' title='bbox 641 948 831 979; x_wconf 82' lang='lat' dir='ltr'>consequens</span> <span class='ocrx_word' id='word_1_88' title='bbox 856 939 966 979; x_wconf 68' lang='lat' dir='ltr'>procui</span> <span class='ocrx_word' id='word_1_89' title='bbox 990 942 1065 970; x_wconf 81' lang='lat' dir='ltr'>sunt</span> <span class='ocrx_word' id='word_1_90' title='bbox 1086 948 1105 971; x_wconf 91' lang='lat' dir='ltr'>a</span> <span class='ocrx_word' id='word_1_91' title='bbox 1131 939 1263 970; x_wconf 78' lang='lat' dir='ltr'>caritate</span> 
     </span>
     <span class='ocr_line' id='line_1_27' title="bbox 491 986 1130 1019; baseline 0 -2"><span class='ocrx_word' id='word_1_92' title='bbox 491 986 620 1018; x_wconf 83' lang='lat' dir='ltr'>Sincera</span> <span class='ocrx_word' id='word_1_93' title='bbox 645 990 677 1018; x_wconf 82' lang='lat' dir='ltr'>et</span> <span class='ocrx_word' id='word_1_94' title='bbox 700 990 826 1019; x_wconf 81' lang='lat' dir='ltr'>carente</span> <span class='ocrx_word' id='word_1_95' title='bbox 853 987 937 1018; x_wconf 89' lang='lat' dir='ltr'>omni</span> <span class='ocrx_word' id='word_1_96' title='bbox 961 986 1130 1018; x_wconf 74' lang='lat' dir='ltr'>simultate.</span> 
     </span>
    </p>
   </div>
   <div class='ocr_carea' id='block_1_16' title="bbox 486 1070 1289 1250">
    <p class='ocr_par' dir='ltr' id='par_1_18' title="bbox 486 1070 1235 1156">
     <span class='ocr_line' id='line_1_28' title="bbox 486 1070 1235 1111; baseline 0.003 -10"><span class='ocrx_word' id='word_1_97' title='bbox 486 1072 567 1109; x_wconf 80' lang='lat' dir='ltr'>Ave,</span> <span class='ocrx_word' id='word_1_98' title='bbox 593 1079 683 1110; x_wconf 85' lang='lat' dir='ltr'>quem</span> <span class='ocrx_word' id='word_1_99' title='bbox 705 1070 894 1103; x_wconf 82' lang='lat' dir='ltr'>benedicunt</span> <span class='ocrx_word' id='word_1_100' title='bbox 917 1078 1023 1102; x_wconf 87' lang='grc'>01111100</span> <span class='ocrx_word' id='word_1_101' title='bbox 1049 1071 1114 1102; x_wconf 83' lang='grc'>01110</span> <span class='ocrx_word' id='word_1_102' title='bbox 1139 1071 1235 1111; x_wconf 79' lang='lat' dir='ltr'>servi,</span> 
     </span>
     <span class='ocr_line' id='line_1_29' title="bbox 490 1117 1121 1156; baseline 0.003 -9"><span class='ocrx_word' id='word_1_103' title='bbox 490 1117 536 1148; x_wconf 83' lang='lat' dir='ltr'>Te</span> <span class='ocrx_word' id='word_1_104' title='bbox 558 1117 592 1148; x_wconf 90' lang='lat' dir='ltr'>in</span> <span class='ocrx_word' id='word_1_105' title='bbox 615 1118 705 1149; x_wconf 87' lang='lat' dir='ltr'>domo</span> <span class='ocrx_word' id='word_1_106' title='bbox 730 1120 784 1148; x_wconf 87' lang='lat' dir='ltr'>tua</span> <span class='ocrx_word' id='word_1_107' title='bbox 808 1117 940 1149; x_wconf 88' lang='lat' dir='ltr'>laudare</span> <span class='ocrx_word' id='word_1_108' title='bbox 965 1118 1121 1156; x_wconf 78' lang='lat' dir='ltr'>consuevi,</span> 
     </span>
    </p>

    <p class='ocr_par' dir='ltr' id='par_1_19' title="bbox 487 1163 1289 1250">
     <span class='ocr_line' id='line_1_30' title="bbox 488 1163 1289 1205; baseline -0.001 -10"><span class='ocrx_word' id='word_1_109' title='bbox 488 1164 525 1195; x_wconf 89' lang='lat' dir='ltr'>In</span> <span class='ocrx_word' id='word_1_110' title='bbox 551 1172 612 1203; x_wconf 89' lang='lat' dir='ltr'>qua</span> <span class='ocrx_word' id='word_1_111' title='bbox 635 1164 771 1203; x_wconf 88' lang='lat' dir='ltr'>quidem,</span> <span class='ocrx_word' id='word_1_112' title='bbox 797 1163 858 1203; x_wconf 85' lang='lat' dir='ltr'>fac,</span> <span class='ocrx_word' id='word_1_113' title='bbox 885 1167 919 1195; x_wconf 92' lang='lat' dir='ltr'>ut</span> <span class='ocrx_word' id='word_1_114' title='bbox 942 1164 1060 1203; x_wconf 83' lang='lat' dir='ltr'>possim</span> <span class='ocrx_word' id='word_1_115' title='bbox 1083 1171 1289 1205; x_wconf 85' lang='lat' dir='ltr'>perseverare</span> 
     </span>
     <span class='ocr_line' id='line_1_31' title="bbox 487 1210 1115 1250; baseline 0.005 -10"><span class='ocrx_word' id='word_1_116' title='bbox 487 1212 593 1248; x_wconf 83' lang='lat' dir='ltr'>Atque</span> <span class='ocrx_word' id='word_1_117' title='bbox 616 1210 847 1249; x_wconf 84' lang='lat' dir='ltr'>perseverando</span> <span class='ocrx_word' id='word_1_118' title='bbox 869 1212 986 1250; x_wconf 80' lang='lat' dir='ltr'>gratias</span> <span class='ocrx_word' id='word_1_119' title='bbox 1012 1219 1115 1250; x_wconf 82' lang='lat' dir='ltr'>agere.</span> 
     </span>
    </p>
   </div>
   <div class='ocr_carea' id='block_1_17' title="bbox 486 1293 1231 1474">
    <p class='ocr_par' dir='ltr' id='par_1_20' title="bbox 488 1293 1175 1335">
     <span class='ocr_line' id='line_1_32' title="bbox 488 1293 1175 1335; baseline 0 -11"><span class='ocrx_word' id='word_1_120' title='bbox 488 1295 567 1333; x_wconf 87' lang='lat' dir='ltr'>Ave,</span> <span class='ocrx_word' id='word_1_121' title='bbox 593 1294 647 1333; x_wconf 80' lang='lat' dir='ltr'>qui</span> <span class='ocrx_word' id='word_1_122' title='bbox 673 1294 785 1334; x_wconf 86' lang='lat' dir='ltr'>omnia,</span> <span class='ocrx_word' id='word_1_123' title='bbox 813 1302 1014 1335; x_wconf 77' lang='lat' dir='ltr'>quaecunque</span> <span class='ocrx_word' id='word_1_124' title='bbox 1038 1293 1175 1333; x_wconf 81' lang='lat' dir='ltr'>voluisti,</span> 
     </span>
    </p>

    <p class='ocr_par' dir='ltr' id='par_1_21' title="bbox 486 1339 1231 1474">
     <span class='ocr_line' id='line_1_33' title="bbox 486 1339 1231 1381; baseline -0.001 -9"><span class='ocrx_word' id='word_1_125' title='bbox 486 1342 525 1373; x_wconf 87' lang='lat' dir='ltr'>In</span> <span class='ocrx_word' id='word_1_126' title='bbox 549 1341 628 1372; x_wconf 90' lang='lat' dir='ltr'>mari</span> <span class='ocrx_word' id='word_1_127' title='bbox 653 1343 746 1380; x_wconf 86' lang='lat' dir='ltr'>atque</span> <span class='ocrx_word' id='word_1_128' title='bbox 768 1341 800 1372; x_wconf 90' lang='grc'>111</span> <span class='ocrx_word' id='word_1_129' title='bbox 825 1343 912 1373; x_wconf 87' lang='lat' dir='ltr'>terra</span> <span class='ocrx_word' id='word_1_130' title='bbox 936 1341 1093 1381; x_wconf 85' lang='lat' dir='ltr'>quondam</span> <span class='ocrx_word' id='word_1_131' title='bbox 1117 1339 1231 1380; x_wconf 84' lang='lat' dir='ltr'>fecisti,</span> 
     </span>
     <span class='ocr_line' id='line_1_34' title="bbox 487 1387 1226 1428; baseline 0 -10"><span class='ocrx_word' id='word_1_132' title='bbox 487 1388 605 1418; x_wconf 86' lang='lat' dir='ltr'>Ventos</span> <span class='ocrx_word' id='word_1_133' title='bbox 630 1387 683 1427; x_wconf 86' lang='lat' dir='ltr'>qui</span> <span class='ocrx_word' id='word_1_134' title='bbox 708 1388 748 1419; x_wconf 84' lang='lat' dir='ltr'>de</span> <span class='ocrx_word' id='word_1_135' title='bbox 770 1388 926 1419; x_wconf 81' lang='lat' dir='ltr'>thesauris</span> <span class='ocrx_word' id='word_1_136' title='bbox 950 1388 1013 1419; x_wconf 82' lang='lat' dir='ltr'>tuis</span> <span class='ocrx_word' id='word_1_137' title='bbox 1038 1387 1226 1428; x_wconf 82' lang='lat' dir='ltr'>produxisti,</span> 
     </span>
     <span class='ocr_line' id='line_1_35' title="bbox 488 1433 1213 1474; baseline 0.001 -8"><span class='ocrx_word' id='word_1_138' title='bbox 488 1433 603 1466; x_wconf 83' lang='lat' dir='ltr'>Gentes</span> <span class='ocrx_word' id='word_1_139' title='bbox 627 1434 741 1466; x_wconf 87' lang='lat' dir='ltr'>multas</span> <span class='ocrx_word' id='word_1_140' title='bbox 767 1437 798 1466; x_wconf 86' lang='lat' dir='ltr'>et</span> <span class='ocrx_word' id='word_1_141' title='bbox 821 1443 910 1474; x_wconf 84' lang='lat' dir='ltr'>reges</span> <span class='ocrx_word' id='word_1_142' title='bbox 935 1434 1033 1467; x_wconf 78' lang='lat' dir='ltr'>fortes</span> <span class='ocrx_word' id='word_1_143' title='bbox 1059 1434 1213 1467; x_wconf 89' lang='lat' dir='ltr'>occidisti.</span> 
     </span>
    </p>
   </div>
   <div class='ocr_carea' id='block_1_18' title="bbox 484 1517 1266 1692">
    <p class='ocr_par' dir='ltr' id='par_1_22' title="bbox 488 1517 1112 1563">
     <span class='ocr_line' id='line_1_36' title="bbox 488 1517 1112 1563; baseline 0.002 -14"><span class='ocrx_word' id='word_1_144' title='bbox 488 1519 567 1558; x_wconf 82' lang='lat' dir='ltr'>Ave,</span> <span class='ocrx_word' id='word_1_145' title='bbox 593 1520 647 1558; x_wconf 80' lang='lat' dir='ltr'>qui</span> <span class='ocrx_word' id='word_1_146' title='bbox 671 1517 776 1550; x_wconf 74' lang='lat' dir='ltr'>fecisti</span> <span class='ocrx_word' id='word_1_147' title='bbox 797 1527 912 1558; x_wconf 83' lang='lat' dir='ltr'>magna</span> <span class='ocrx_word' id='word_1_148' title='bbox 934 1520 1112 1563; x_wconf 75' lang='lat' dir='ltr'>luminaria,</span> 
     </span>
    </p>

    <p class='ocr_par' dir='ltr' id='par_1_23' title="bbox 484 1565 1266 1692">
     <span class='ocr_line' id='line_1_37' title="bbox 486 1565 1182 1607; baseline 0 -10"><span class='ocrx_word' id='word_1_149' title='bbox 486 1565 546 1597; x_wconf 89' lang='lat' dir='ltr'>Tui</span> <span class='ocrx_word' id='word_1_150' title='bbox 570 1568 643 1597; x_wconf 89' lang='lat' dir='ltr'>sunt</span> <span class='ocrx_word' id='word_1_151' title='bbox 668 1566 755 1607; x_wconf 84' lang='lat' dir='ltr'>caeli,</span> <span class='ocrx_word' id='word_1_152' title='bbox 781 1565 866 1598; x_wconf 88' lang='lat' dir='ltr'>orbis</span> <span class='ocrx_word' id='word_1_153' title='bbox 889 1569 994 1598; x_wconf 87' lang='lat' dir='ltr'>terrae</span> <span class='ocrx_word' id='word_1_154' title='bbox 1018 1569 1050 1597; x_wconf 91' lang='lat' dir='ltr'>et</span> <span class='ocrx_word' id='word_1_155' title='bbox 1073 1566 1182 1607; x_wconf 83' lang='lat' dir='ltr'>maria,</span> 
     </span>
     <span class='ocr_line' id='line_1_38' title="bbox 484 1612 1266 1656; baseline 0 -11"><span class='ocrx_word' id='word_1_156' title='bbox 484 1612 599 1655; x_wconf 85' lang='lat' dir='ltr'>Solem,</span> <span class='ocrx_word' id='word_1_157' title='bbox 625 1613 740 1651; x_wconf 88' lang='lat' dir='ltr'>lunam,</span> <span class='ocrx_word' id='word_1_158' title='bbox 766 1612 875 1644; x_wconf 77' lang='lat' dir='ltr'>stellas</span> <span class='ocrx_word' id='word_1_159' title='bbox 897 1613 1016 1645; x_wconf 85' lang='lat' dir='ltr'>habens</span> <span class='ocrx_word' id='word_1_160' title='bbox 1040 1614 1074 1645; x_wconf 90' lang='lat' dir='ltr'>in</span> <span class='ocrx_word' id='word_1_161' title='bbox 1096 1616 1266 1656; x_wconf 81' lang='lat' dir='ltr'>potestate,</span> 
     </span>
     <span class='ocr_line' id='line_1_39' title="bbox 485 1658 1170 1692; baseline 0.001 -2"><span class='ocrx_word' id='word_1_162' title='bbox 485 1658 617 1690; x_wconf 87' lang='lat' dir='ltr'>Securos</span> <span class='ocrx_word' id='word_1_163' title='bbox 642 1668 698 1692; x_wconf 88' lang='lat' dir='ltr'>nos</span> <span class='ocrx_word' id='word_1_164' title='bbox 723 1658 775 1692; x_wconf 82' lang='lat' dir='ltr'>fac</span> <span class='ocrx_word' id='word_1_165' title='bbox 798 1659 837 1691; x_wconf 89' lang='lat' dir='ltr'>ab</span> <span class='ocrx_word' id='word_1_166' title='bbox 864 1661 949 1691; x_wconf 81' lang='lat' dir='ltr'>omni</span> <span class='ocrx_word' id='word_1_167' title='bbox 973 1660 1170 1692; x_wconf 79' lang='lat' dir='ltr'>crudelitate.</span> 
     </span>
    </p>
   </div>
   <div class='ocr_carea' id='block_1_19' title="bbox 482 1744 1161 1926">
    <p class='ocr_par' dir='ltr' id='par_1_24' title="bbox 482 1744 1152 1833">
     <span class='ocr_line' id='line_1_40' title="bbox 482 1744 1152 1786; baseline 0.001 -11"><span class='ocrx_word' id='word_1_168' title='bbox 482 1744 561 1786; x_wconf 85' lang='lat' dir='ltr'>Ave,</span> <span class='ocrx_word' id='word_1_169' title='bbox 590 1744 676 1776; x_wconf 91' lang='lat' dir='ltr'>cuius</span> <span class='ocrx_word' id='word_1_170' title='bbox 702 1744 812 1777; x_wconf 86' lang='lat' dir='ltr'>laudes</span> <span class='ocrx_word' id='word_1_171' title='bbox 838 1746 956 1785; x_wconf 87' lang='lat' dir='ltr'>captivi</span> <span class='ocrx_word' id='word_1_172' title='bbox 982 1745 1152 1777; x_wconf 83' lang='lat' dir='ltr'>decantare</span> 
     </span>
     <span class='ocr_line' id='line_1_41' title="bbox 484 1790 1129 1833; baseline 0.002 -10"><span class='ocrx_word' id='word_1_173' title='bbox 484 1790 586 1830; x_wconf 82' lang='lat' dir='ltr'>Super</span> <span class='ocrx_word' id='word_1_174' title='bbox 608 1790 738 1823; x_wconf 86' lang='lat' dir='ltr'>fiumina</span> <span class='ocrx_word' id='word_1_175' title='bbox 761 1792 925 1824; x_wconf 86' lang='lat' dir='ltr'>Babilonis</span> <span class='ocrx_word' id='word_1_176' title='bbox 950 1793 1129 1833; x_wconf 82' lang='lat' dir='ltr'>nequivere,</span> 
     </span>
    </p>

    <p class='ocr_par' dir='ltr' id='par_1_25' title="bbox 483 1837 1161 1926">
     <span class='ocr_line' id='line_1_42' title="bbox 483 1837 1141 1873; baseline 0 -3"><span class='ocrx_word' id='word_1_177' title='bbox 483 1837 546 1870; x_wconf 87' lang='lat' dir='ltr'>Sed</span> <span class='ocrx_word' id='word_1_178' title='bbox 572 1837 647 1870; x_wconf 87' lang='lat' dir='ltr'>Sion</span> <span class='ocrx_word' id='word_1_179' title='bbox 672 1839 832 1872; x_wconf 88' lang='lat' dir='ltr'>recordati</span> <span class='ocrx_word' id='word_1_180' title='bbox 856 1839 1003 1873; x_wconf 84' lang='lat' dir='ltr'>lacrimas</span> <span class='ocrx_word' id='word_1_181' title='bbox 1027 1838 1141 1872; x_wconf 82' lang='lat' dir='ltr'>fudere</span> 
     </span>
     <span class='ocr_line' id='line_1_43' title="bbox 484 1884 1161 1926; baseline 0.004 -10"><span class='ocrx_word' id='word_1_182' title='bbox 484 1884 663 1925; x_wconf 82' lang='lat' dir='ltr'>Gentesque</span> <span class='ocrx_word' id='word_1_183' title='bbox 686 1886 802 1918; x_wconf 85' lang='lat' dir='ltr'>talibus</span> <span class='ocrx_word' id='word_1_184' title='bbox 826 1886 974 1926; x_wconf 79' lang='lat' dir='ltr'>indignas</span> <span class='ocrx_word' id='word_1_185' title='bbox 999 1891 1161 1926; x_wconf 85' lang='lat' dir='ltr'>putavere.</span> 
     </span>
    </p>
   </div>
   <div class='ocr_carea' id='block_1_20' title="bbox 481 1968 1146 2149">
    <p class='ocr_par' dir='ltr' id='par_1_26' title="bbox 482 1968 1039 2010">
     <span class='ocr_line' id='line_1_44' title="bbox 482 1968 1039 2010; baseline 0.004 -11"><span class='ocrx_word' id='word_1_186' title='bbox 482 1969 562 2007; x_wconf 80' lang='lat' dir='ltr'>Ave,</span> <span class='ocrx_word' id='word_1_187' title='bbox 589 1968 672 2009; x_wconf 79' lang='grc'>10011,</span> <span class='ocrx_word' id='word_1_188' title='bbox 700 1969 749 2000; x_wconf 87' lang='lat' dir='ltr'>cui</span> <span class='ocrx_word' id='word_1_189' title='bbox 773 1969 833 2001; x_wconf 78' lang='lat' dir='ltr'>soli</span> <span class='ocrx_word' id='word_1_190' title='bbox 858 1969 1039 2010; x_wconf 85' lang='lat' dir='ltr'>confitebor,</span> 
     </span>
    </p>

    <p class='ocr_par' dir='ltr' id='par_1_27' title="bbox 481 2014 1146 2149">
     <span class='ocr_line' id='line_1_45' title="bbox 482 2014 1111 2056; baseline 0.008 -12"><span class='ocrx_word' id='word_1_191' title='bbox 482 2014 555 2045; x_wconf 88' lang='lat' dir='ltr'>Tibi</span> <span class='ocrx_word' id='word_1_192' title='bbox 579 2015 639 2045; x_wconf 86' lang='lat' dir='ltr'>soli</span> <span class='ocrx_word' id='word_1_193' title='bbox 663 2023 748 2047; x_wconf 87' lang='lat' dir='ltr'>meus</span> <span class='ocrx_word' id='word_1_194' title='bbox 775 2019 823 2048; x_wconf 85' lang='lat' dir='ltr'>est</span> <span class='ocrx_word' id='word_1_195' title='bbox 848 2017 988 2056; x_wconf 85' lang='lat' dir='ltr'>cognitus</span> <span class='ocrx_word' id='word_1_196' title='bbox 1012 2016 1111 2055; x_wconf 86' lang='lat' dir='ltr'>labor,</span> 
     </span>
     <span class='ocr_line' id='line_1_46' title="bbox 482 2061 1146 2103; baseline 0.002 -10"><span class='ocrx_word' id='word_1_197' title='bbox 482 2061 544 2093; x_wconf 87' lang='lat' dir='ltr'>Per</span> <span class='ocrx_word' id='word_1_198' title='bbox 569 2063 610 2101; x_wconf 84' lang='lat' dir='ltr'>te,</span> <span class='ocrx_word' id='word_1_199' title='bbox 637 2062 719 2101; x_wconf 88' lang='lat' dir='ltr'>Iesu,</span> <span class='ocrx_word' id='word_1_200' title='bbox 745 2063 779 2094; x_wconf 88' lang='lat' dir='ltr'>in</span> <span class='ocrx_word' id='word_1_201' title='bbox 803 2064 948 2102; x_wconf 84' lang='lat' dir='ltr'>supernis</span> <span class='ocrx_word' id='word_1_202' title='bbox 973 2063 1146 2103; x_wconf 81' lang='lat' dir='ltr'>exaltabor,</span> 
     </span>
     <span class='ocr_line' id='line_1_47' title="bbox 481 2107 1145 2149; baseline 0.003 -9"><span class='ocrx_word' id='word_1_203' title='bbox 481 2107 547 2140; x_wconf 83' lang='lat' dir='ltr'>Ubi</span> <span class='ocrx_word' id='word_1_204' title='bbox 572 2116 642 2139; x_wconf 87' lang='lat' dir='ltr'>cum</span> <span class='ocrx_word' id='word_1_205' title='bbox 665 2110 783 2140; x_wconf 81' lang='lat' dir='ltr'>sanctis</span> <span class='ocrx_word' id='word_1_206' title='bbox 808 2110 951 2142; x_wconf 83' lang='lat' dir='ltr'>omnibus</span> <span class='ocrx_word' id='word_1_207' title='bbox 976 2110 1145 2149; x_wconf 75' lang='lat' dir='ltr'>gloriabor.</span> 
     </span>
    </p>
   </div>
   <div class='ocr_carea' id='block_1_21' title="bbox 479 2192 1208 2375">
    <p class='ocr_par' dir='ltr' id='par_1_28' title="bbox 479 2192 1208 2375">
     <span class='ocr_line' id='line_1_48' title="bbox 481 2192 1136 2236; baseline 0.005 -13"><span class='ocrx_word' id='word_1_208' title='bbox 481 2192 558 2234; x_wconf 82' lang='lat' dir='ltr'>Ave,</span> <span class='ocrx_word' id='word_1_209' title='bbox 586 2195 710 2224; x_wconf 77' lang='lat' dir='ltr'>nostras</span> <span class='ocrx_word' id='word_1_210' title='bbox 735 2194 788 2233; x_wconf 88' lang='lat' dir='ltr'>qui</span> <span class='ocrx_word' id='word_1_211' title='bbox 811 2195 895 2226; x_wconf 89' lang='lat' dir='ltr'>nosti</span> <span class='ocrx_word' id='word_1_212' title='bbox 921 2194 1136 2236; x_wconf 80' lang='lat' dir='ltr'>cogitationes,</span> 
     </span>
     <span class='ocr_line' id='line_1_49' title="bbox 479 2238 1132 2282; baseline 0.006 -13"><span class='ocrx_word' id='word_1_213' title='bbox 479 2239 532 2270; x_wconf 88' lang='lat' dir='ltr'>Ad</span> <span class='ocrx_word' id='word_1_214' title='bbox 556 2240 589 2269; x_wconf 87' lang='lat' dir='ltr'>te</span> <span class='ocrx_word' id='word_1_215' title='bbox 613 2238 699 2271; x_wconf 77' lang='lat' dir='ltr'>fusas</span> <span class='ocrx_word' id='word_1_216' title='bbox 723 2249 763 2271; x_wconf 90' lang='grc'>110</span> <span class='ocrx_word' id='word_1_217' title='bbox 787 2250 939 2282; x_wconf 82' lang='lat' dir='ltr'>aspernas</span> <span class='ocrx_word' id='word_1_218' title='bbox 965 2241 1132 2281; x_wconf 84' lang='lat' dir='ltr'>orationes,</span> 
     </span>
     <span class='ocr_line' id='line_1_50' title="bbox 481 2285 1208 2329; baseline 0.004 -12"><span class='ocrx_word' id='word_1_219' title='bbox 481 2285 544 2317; x_wconf 87' lang='lat' dir='ltr'>Sed</span> <span class='ocrx_word' id='word_1_220' title='bbox 570 2287 684 2318; x_wconf 84' lang='lat' dir='ltr'>exaudi</span> <span class='ocrx_word' id='word_1_221' title='bbox 708 2296 776 2328; x_wconf 89' lang='lat' dir='ltr'>nos,</span> <span class='ocrx_word' id='word_1_222' title='bbox 801 2287 884 2329; x_wconf 87' lang='lat' dir='ltr'>Iesu,</span> <span class='ocrx_word' id='word_1_223' title='bbox 910 2288 1009 2321; x_wconf 82' lang='lat' dir='ltr'>nostri</span> <span class='ocrx_word' id='word_1_224' title='bbox 1033 2288 1208 2328; x_wconf 87' lang='lat' dir='ltr'>miseratus,</span> 
     </span>
     <span class='ocr_line' id='line_1_51' title="bbox 480 2332 1141 2375; baseline 0.008 -11"><span class='ocrx_word' id='word_1_225' title='bbox 480 2332 538 2373; x_wconf 79' lang='lat' dir='ltr'>Qui</span> <span class='ocrx_word' id='word_1_226' title='bbox 561 2342 619 2372; x_wconf 86' lang='lat' dir='ltr'>pro</span> <span class='ocrx_word' id='word_1_227' title='bbox 644 2333 735 2365; x_wconf 85' lang='lat' dir='ltr'>nobis</span> <span class='ocrx_word' id='word_1_228' title='bbox 759 2337 846 2368; x_wconf 89' lang='lat' dir='ltr'>tuum</span> <span class='ocrx_word' id='word_1_229' title='bbox 872 2335 1023 2375; x_wconf 81' lang='lat' dir='ltr'>aperuisti</span> <span class='ocrx_word' id='word_1_230' title='bbox 1048 2336 1141 2369; x_wconf 84' lang='lat' dir='ltr'>latus.</span> 
     </span>
    </p>
   </div>
  </div>
 </body>
</html>
