1650 2612
369 211 424 243 49.

371 416 424 447 50.

704 109 962 145 —112—

450 209 528 249 Ave,
556 209 638 247 Iesu,
665 207 713 238 cui
738 207 829 238 homo
857 208 1053 245 comparatus

453 255 541 286 Nihil
567 257 624 293 est,
651 253 723 293 quia
744 254 783 283 ut
799 252 971 283 iumentum
998 256 1045 284 est
1068 251 1182 289 faetus,

452 303 514 333 Per
538 305 570 332 te
593 303 696 332 tamen
722 307 840 331 summo
865 299 997 330 donatus
1020 299 1139 330 honore

451 349 597 387 Ingratus
621 349 674 378 tuo
698 355 761 378 non
785 345 874 376 stetit
896 345 928 376 in
954 354 1069 377 amore.

450 413 529 451 Ave,
559 412 607 442 cui
633 411 730 443 corda
753 411 881 449 placent
905 410 1041 441 contrita

451 459 555 498 Magis
581 467 673 497 quam
698 457 864 490 vitulorum
890 457 1083 497 holocausta,

450 505 526 546 Fae,
552 513 677 546 precor,
702 507 736 535 ut
761 512 836 535 vere
859 503 1018 535 humiliati

450 552 578 583 Hostias
601 552 797 583 immolemus
823 551 928 582 cordis
954 550 1031 583 triti.

583 636 710 668 Secun
723 637 769 669 da
795 636 1077 676 Quadragena.

417 726 424 734 .
450 703 529 742 Ave,
552 702 635 743 Iesu,
662 703 715 742 qui
742 701 882 734 dilexisti
907 702 1106 741 aequitatem,

447 749 603 788 Angelum
627 753 715 781 tuum
738 749 893 789 quondam
917 748 1150 788 superbientem

448 796 498 827 De
523 796 608 827 caelo
633 799 687 827 tuo
712 796 754 828 ad
777 794 903 827 inferna
927 796 1069 827 deiecisti

447 842 589 882 Eumque
612 842 774 882 perpetuis
799 840 932 873 flammis
958 841 1119 874 addixisti.

449 909 529 947 Ave,
553 908 638 949 Iesu,
663 908 716 948 qui
743 907 782 940 de
807 907 893 938 caelo
918 908 1062 946 respicis,

448 955 487 986 In
510 955 604 986 terris
629 955 787 987 hominum
813 957 884 986 aeta
907 954 1073 994 prospicis,

450 1001 497 1033 Ob
522 1004 652 1041 peccata
676 1005 785 1033 nostra
809 1009 849 1032 ne
873 1010 930 1032 nos
957 1001 1102 1040 dissipes,

450 1047 513 1080 Sed
538 1047 598 1086 fac,
626 1049 728 1088 gratia
751 1049 806 1079 tua
830 1048 993 1087 anticipes.

416 1139 423 1146 .
451 1115 528 1154 Ave,
556 1114 642 1144 cuius
667 1114 769 1153 gratia
793 1116 919 1153 ereptus

448 1160 577 1191 Hostias
602 1159 786 1191 sacrificabo
810 1160 911 1190 laetus

448 1206 493 1238 Et
515 1207 633 1238 nomini
658 1209 711 1238 tuo
738 1205 919 1246 confitebor,

450 1253 527 1285 Cum
553 1253 593 1284 de
615 1253 751 1285 inimicis
776 1253 945 1292 gloriabor.

454 1329 533 1368 Ave,
558 1328 641 1366 Iesu,
665 1328 777 1359 melliti
803 1328 889 1359 cuius
913 1337 1072 1360 sermones

450 1374 655 1405 Fluctuantes
678 1375 712 1406 in
734 1373 798 1406 fide
821 1373 949 1406 firmant
972 1375 1124 1413 homineS,

449 1420 515 1452 Fac
540 1430 662 1452 omnem
686 1424 827 1453 nostrum
851 1430 977 1461 semper
1001 1423 1033 1453 in
1057 1426 1089 1453 te
1114 1422 1282 1461 cogitatum

449 1468 608 1507 omneque
633 1468 823 1500 desiderium
848 1477 916 1499 esse
940 1469 1100 1500 iactatum.

417 1567 425 1575 .
450 1545 527 1579 Ave,
553 1544 635 1584 Iesu,
661 1544 795 1575 animam
821 1543 871 1582 qui
896 1544 981 1574 solus
1007 1544 1111 1585 eripis,

449 1590 508 1628 Qui
531 1593 606 1621 vota
629 1590 696 1622 Deo
721 1590 888 1622 reddenda
912 1591 1032 1622 eunctis
1055 1590 1225 1633 praecipis,

449 1637 589 1676 Praesta,
614 1640 651 1668 ut
675 1637 734 1668 tibi
756 1637 885 1668 tandem
909 1638 1065 1676 possimus
1090 1638 1235 1676 reddere,

450 1683 534 1721 Quae
558 1684 714 1723 quondam
738 1692 800 1715 non
826 1684 984 1715 timuimus
1009 1693 1064 1716 ore
1087 1692 1212 1716 vovere.

415 1784 423 1791 .
448 1758 528 1799 Ave,
553 1759 637 1798 Iesu,
665 1759 714 1790 cui
738 1761 883 1798 laqueum
907 1762 1110 1799 paraverunt,

447 1805 516 1836 Tua
539 1806 640 1845 gloria
664 1807 768 1846 reples
794 1809 912 1838 terram
937 1809 968 1837 et
993 1815 1047 1838 cor
1071 1806 1177 1847 maris,

447 1852 602 1884 Miserere
625 1854 697 1891 mei,
724 1854 864 1892 obsecro,
890 1854 1050 1895 miserere,

448 1899 495 1931 Ut
519 1899 578 1930 tibi
604 1900 698 1939 digne
722 1900 838 1939 possim
864 1901 1021 1940 psalmum
1046 1900 1224 1934 decantare.

416 1999 423 2005 .
449 1974 527 2015 Ave,
553 1982 572 2004 a
596 1982 655 2013 quo
682 1974 818 2013 elongati
840 1977 1023 2014 peccatores

449 2020 547 2059 Lapsi
572 2023 646 2051 sunt
667 2021 701 2051 in
721 2030 818 2053 vanos
845 2022 1030 2053 daemonum
1055 2029 1188 2060 errores,

450 2066 603 2097 Errantes
628 2067 666 2098 ab
692 2071 781 2099 utero
805 2071 879 2099 sunt
902 2067 984 2100 falsa
1008 2067 1114 2106 locuti,

450 2112 612 2152 Serpentis
638 2117 686 2145 est
708 2115 772 2145 illis
799 2113 897 2154 furor,
925 2115 1034 2146 dentes
1059 2115 1153 2147 acuti.

416 2213 424 2221 ,
448 2188 528 2227 Ave,
554 2188 635 2230 Iesu,
662 2191 735 2220 ante
760 2189 845 2220 cuius
872 2192 1072 2229 conspectum

451 2235 608 2266 Malorum
632 2235 779 2274 iniquitas
805 2239 853 2267 est
876 2239 1050 2279 peccatum,

451 2281 548 2312 Nullo
573 2291 708 2321 unquam
733 2286 825 2322 pacto
850 2284 1145 2323 praesentabuntur,

450 2328 521 2359 Nisi
543 2329 631 2367 prius
655 2329 688 2359 hi
712 2329 788 2362 mali
811 2333 1043 2364 convertantur.
