1650 2612
738 104 992 139 —236—

442 198 487 228 32.
508 199 616 232 Gaude,
636 201 737 233 mater,
758 199 881 226 subveni
899 197 1006 225 mundo
1026 198 1085 225 iam
1104 197 1224 229 labenti,

508 238 565 265 Per
584 240 613 264 te
632 245 679 264 ros
700 245 719 264 a
737 237 832 271 capite
852 236 1008 264 descendat
1025 235 1174 270 unguenti,

511 275 567 308 Qui
586 274 722 301 infundat
740 274 863 310 largiter
883 282 962 301 oram
981 273 1150 300 vestimenti

508 313 548 340 Et
565 312 719 339 fraternam
739 312 849 339 inserat
867 312 1018 338 caritatem
1038 310 1136 337 menti.

445 357 489 387 33.
511 358 619 391 Gaude,
639 359 721 394 virgo
743 358 864 386 celebris
885 359 963 385 omni
982 358 1143 392 sanctitate,

509 397 553 424 Ad
574 404 660 431 quam
680 404 782 423 manus
802 396 932 423 tollimus
951 396 983 422 in
1002 396 1185 427 necessitate,

506 435 561 461 Per
580 436 609 460 te
629 434 783 461 benedicat
800 442 854 460 nos
875 442 929 460 sua
946 434 1056 468 pietate

510 471 639 498 Christus
660 474 690 498 et
709 470 854 498 custodiat
873 472 909 498 ab
929 471 1094 506 iniquitate.

443 515 488 545 34.
510 517 617 551 Gaude,
639 518 726 545 decus
745 518 900 553 virginum,
922 517 1008 545 decus
1030 516 1186 552 singulare,

510 555 580 583 Sola
598 555 655 582 Dei
673 555 765 583 filium
786 555 875 590 digna
893 563 1040 591 generare,

511 593 616 621 Servos
635 601 741 620 nomen
760 593 880 620 Domini
900 593 986 628 digne
1005 594 1051 620 fac
1069 592 1198 625 laudare,

511 631 568 665 Qui
591 630 719 658 traduxit
737 630 830 659 Israel
849 631 974 658 medium
994 640 1047 666 per
1065 639 1153 658 mare.

444 674 488 704 35.
510 677 618 710 Gaude,
642 677 841 705 confitentium
862 677 1006 705 Christum
1026 678 1090 705 laus
1110 679 1204 710 beata,

508 715 564 742 Per
585 723 668 750 quem
688 715 838 742 mirabilia
858 717 961 743 cuncta
981 718 1049 743 sunt
1068 717 1192 752 patrata,

510 752 598 780 Cuius
618 761 684 780 caro
705 754 828 788 mystica
847 754 931 781 nobis
953 761 1020 780 esca
1039 754 1108 781 data

509 790 565 818 Per
584 792 613 817 te
631 799 685 817 nos
707 789 820 818 reficiat
839 790 952 818 diluens
972 793 1100 827 peccata.

444 834 490 865 36.
512 836 622 868 Gaude,
645 837 680 864 de
700 845 758 874 qua
777 835 896 872 profluit
915 839 979 865 fons
999 838 1215 873 redemptionis,

512 874 578 907 Ora,
599 883 635 901 ne
656 884 709 902 nos
729 875 850 902 flumina
869 878 1000 911 mergant
1018 876 1177 910 Babylonis

508 913 556 939 Da
575 914 699 948 captivis
719 912 827 949 gaudia
847 913 1029 941 liberationis

509 950 626 977 Ducens
645 959 700 977 nos
723 950 760 978 ad
781 952 906 985 patriam
925 951 982 978 Dei
1001 952 1133 979 visionis.

447 993 491 1023 37.
512 996 620 1029 Gaude,
642 1005 728 1032 quam
749 996 891 1024 confessio
911 997 1013 1024 laudat
1033 998 1196 1030 electorum,

510 1034 586 1061 Audi
606 1034 804 1062 confitentium
826 1036 915 1062 verba
932 1035 1120 1069 servulorum,

508 1072 659 1107 Templum
679 1073 772 1099 sancti
793 1074 912 1107 spiritus
933 1075 962 1099 et
981 1073 1044 1100 laus
1065 1072 1242 1109 angelorum,

508 1110 550 1136 Te
569 1109 720 1137 laudantes
741 1109 868 1145 adgrega
886 1110 1022 1137 laudibus
1043 1119 1150 1138 eorum.

445 1153 491 1182 38.
513 1156 620 1189 Gaude,
641 1159 732 1184 mater
751 1157 858 1183 nobilis
879 1158 947 1193 agni
968 1160 997 1184 et
1015 1158 1117 1190 leonis,

509 1194 683 1221 Laesionem
703 1194 847 1229 perferens
868 1203 960 1230 agnus
980 1197 1125 1230 passionis

511 1230 572 1259 Leo
592 1231 705 1267 fulgens
726 1231 820 1268 gloria
842 1234 1059 1259 resurrectionis

510 1270 635 1297 Nostrae
654 1271 759 1305 purget
777 1269 882 1296 intima
902 1270 1097 1305 cogitationis.

211 1315 257 1351 33,
279 1316 294 1344 1
319 1317 355 1344 de
382 1324 440 1351 qua
466 1316 603 1352 gaudium
631 1316 666 1342 E.
693 1332 730 1336 —
758 1315 814 1343 Str.
833 1314 871 1343 42
890 1316 962 1344 fehlt
980 1317 1017 1344 D.
1042 1332 1081 1336 —
1105 1314 1151 1350 43,
1172 1315 1189 1343 5
1210 1317 1377 1345 Habeamus
1398 1318 1435 1345 D.
1464 1332 1499 1337 —

212 1353 257 1388 44,
278 1353 295 1382 5
316 1363 358 1390 sq.
378 1354 437 1380 und
458 1353 474 1380 7
495 1362 537 1389 sq.
561 1354 726 1389 umgestellt
746 1352 775 1380 C.
796 1368 832 1373 —
853 1354 908 1381 Str.
928 1352 965 1382 45
986 1354 1079 1382 lautet
1097 1356 1129 1381 in
1150 1354 1185 1382 C:

447 1398 494 1427 45.
515 1399 623 1433 Gaude,
644 1400 708 1428 laus
728 1403 795 1436 post
813 1400 905 1428 filium
923 1409 1025 1437 perpes
1046 1403 1215 1435 animarum,

510 1437 690 1473 Pupillorum
712 1438 850 1474 gaudium
871 1442 900 1466 et
918 1446 983 1473 spes
1004 1439 1166 1472 viduarum,

510 1476 577 1508 Fac,
597 1478 631 1502 ut
648 1474 713 1503 finis
735 1477 861 1504 omnium
882 1478 922 1503 sit
940 1478 1122 1504 miseriarum

511 1513 599 1541 Felix
617 1513 752 1541 iubilatio
773 1513 891 1541 laudum
913 1516 1104 1542 aeternarum.

213 1559 261 1594 49,
279 1560 294 1588 1
316 1561 409 1596 daque
429 1560 567 1595 gaudium
587 1559 622 1586 Ε.
640 1574 677 1578 -
696 1559 741 1594 49,
762 1558 780 1587 3
801 1561 842 1588 Ut
860 1561 1000 1589 laetemur
1019 1561 1130 1588 homini
1150 1561 1185 1588 A.

289 1609 359 1636 Dies
385 1607 559 1634 Psalterium
588 1608 662 1634 wird
690 1609 721 1635 in
746 1608 773 1636 D
800 1608 862 1635 dem
890 1608 930 1636 hl.
956 1607 1082 1636 Thomas
1109 1609 1240 1644 Aquinas
1267 1608 1506 1645 zugeschrieben:

216 1647 375 1683 „Frologus
387 1645 487 1672 Sancti
500 1645 629 1672 'rhomae
642 1645 677 1672 de
690 1647 805 1682 Aquino
817 1647 848 1672 in
858 1644 1045 1682 psalterium“
1056 1655 1063 1681 ς
1078 1646 1124 1674 die
1133 1647 1165 1672 in
1175 1646 1237 1673 sich
1248 1646 1508 1683 unglaubwiirdige

213 1684 372 1712 Nachricht
392 1684 431 1709 ist
450 1683 583 1711 fiberdies
603 1691 662 1710 von
683 1685 761 1711 einer
781 1684 907 1711 anderen
927 1684 1015 1711 Hand
1035 1684 1190 1720 beigeffigt.
1228 1685 1286 1711 Die
1307 1684 1451 1712 Zuthaten
1470 1693 1506 1712 zu

215 1722 278 1749 dem
298 1722 410 1749 Psalter
428 1722 581 1748 variieren.
619 1721 643 1748 B
663 1721 716 1748 hat
733 1721 867 1756 folgende
886 1721 1071 1757 Einleitung:

511 1768 557 1795 Ad
577 1768 687 1803 regales
708 1771 827 1797 vocatus
848 1771 966 1805 nuptias

511 1806 591 1833 Inter
610 1815 727 1834 mensae
747 1807 880 1834 caelestis
901 1808 999 1843 copias

512 1843 555 1871 Ad
575 1845 695 1879 reginae
716 1844 790 1872 caeli
810 1845 930 1873 delicias

512 1881 623 1908 Laudis
642 1881 730 1910 liuius
748 1882 809 1910 libo
830 1884 984 1918 primitias.

513 1928 614 1956 Laudo
635 1929 729 1957 libens
750 1938 804 1957 nec
822 1930 893 1957 licet
911 1930 1010 1963 libere,

514 1966 593 1999 Quas
613 1966 726 2001 liberet,
746 1967 846 1995 laudes
868 1969 1038 2003 exprimere,

514 2003 629 2031 Laudes
649 2004 696 2032 illi
716 2005 875 2041 condignas
896 2006 991 2033 dicere

515 2042 636 2069 Nosti-as
656 2042 751 2078 liquet
770 2044 848 2070 vires
869 2043 1013 2071 excedere.

516 2089 548 2116 Si
567 2089 726 2124 perpendat
743 2090 839 2124 homo,
861 2099 948 2127 quam
968 2092 1124 2126 praedicat,

513 2127 598 2154 Mens
618 2135 676 2154 non
697 2129 783 2163 capit,
806 2128 909 2164 lingua
927 2137 984 2156 non
1007 2130 1140 2163 explieat,

514 2165 603 2191 Amor
622 2168 727 2199 tamen,
749 2174 852 2193 ausum
872 2168 922 2202 qui
941 2167 1084 2200 vendicat,

514 2203 634 2230 Matrem
660 2203 782 2231 laudans
802 2205 920 2240 reginae
939 2205 1094 2239 supplicat.

514 2250 617 2277 Honor
637 2250 742 2286 duplex
761 2252 863 2278 matris
884 2254 913 2278 et
932 2250 1067 2278 dominae

513 2287 549 2314 In
568 2288 686 2322 reginae
706 2290 854 2316 concurrit
872 2289 997 2322 nomine,

518 2325 598 2359 Quae
619 2325 755 2354 laudatur
777 2328 867 2353 mater
886 2327 918 2353 in
937 2327 1051 2362 virgine

516 2363 565 2390 Ius
586 2364 726 2391 excedens
747 2366 776 2392 et
794 2372 878 2391 usum
897 2364 1029 2391 feminae.
