1650 2612
669 112 902 147 —47-

183 203 214 236 7.
240 204 321 243 Ave,
347 203 430 245 Iesu,
456 202 508 235 fac
532 204 674 244 perfecte

155 881 209 913 10.

154 1106 209 1139 11.

156 1333 209 1365 12.

156 1560 210 1592 13.

154 1786 208 1819 14.

155 2015 210 2048 15.

156 2235 211 2268 16.

235 250 291 281 Me
315 250 445 282 studere
469 250 502 282 in
526 253 559 282 te
584 256 679 292 recte,

236 296 285 328 Ne
310 296 455 329 oberrem
480 297 637 331 indirecte

234 343 332 375 Iustis
354 344 418 376 tuis
442 352 494 376 me
518 349 678 379 connecte.

201 454 209 461 .
236 430 317 471 Ave,
344 429 427 470 Iesu,
454 431 489 461 111
513 439 564 461 1110
588 432 695 470 portes

233 476 279 507 Et,
302 475 474 508 bellantem
499 486 549 508 me
575 477 745 517 confortes,

235 522 419 565 Impiorum⁷
444 532 493 566 en,
519 524 661 556 cohortes

238 570 405 602 Irruerunt
427 571 461 602 111
486 580 536 602 1110
561 570 669 604 fortes.

205 679 212 687 .
239 655 319 695 Ave,
346 656 429 695 Iesu,
454 655 620 687 miseratus

236 702 291 734 Me
316 701 484 741 infirmum,
512 702 583 734 veni
608 704 727 742 gratus,

238 749 288 780 Ne
311 749 450 787 repellas
475 757 525 779 me
549 749 659 790 iratus,

238 795 288 827 Ne
312 795 370 826 sim
396 795 480 827 hosti
504 795 625 834 praeda
652 795 754 828 datus.

236 881 316 920 Ave,
341 881 427 912 salus
453 889 492 912 ex
516 880 646 922 Iudaea,

236 927 349 960 Turris
375 927 467 959 fortis
494 930 526 959 et
554 937 626 968 spes
652 935 731 966 mea,

237 976 276 1008 In
300 983 350 1005 me
375 975 490 1006 bonum
513 974 646 1014 quodvis
665 982 745 1016 crea,

237 1022 354 1054 Procul
379 1020 470 1053 aufer
495 1030 636 1061 quaeque
661 1029 725 1052 rea.

236 1106 315 1148 Ave,
342 1106 427 1145 Iesu,
453 1105 517 1137 fide
541 1107 629 1137 recta

237 1153 368 1185 Sursum
392 1162 463 1185 mea
488 1161 576 1183 mens
602 1152 763 1191 subvecta,

235 1199 308 1232 Tibi
335 1200 429 1240 digne
454 1199 497 1231 511
519 1199 674 1240 subiecta,

236 1246 331 1280 Cuius
358 1247 441 1279 dona
465 1248 530 1279 stat
555 1250 670 1279 erecta.

235 1334 316 1373 Ave,
342 1332 425 1372 Iesu,
452 1331 504 1372 qui
529 1332 650 1370 peritas

236 1379 346 1411 Hostis
373 1378 503 1411 fraudes
530 1387 622 1410 cruce
646 1377 738 1410 tritas

237 1428 343 1465 Atque
368 1428 439 1458 tuos
466 1425 538 1458 dote
566 1426 648 1458 ditas

236 1473 366 1506 Meliori
391 1482 487 1514 super
514 1473 607 1506 vitas.

238 1560 318 1597 Ave,
345 1558 428 1597 Iesu,
454 1557 512 1589 flos
538 1558 578 1589 de
603 1557 691 1599 flore,

237 1605 342 1639 Corde
365 1608 450 1646 peto,
476 1614 591 1644 precor
615 1613 680 1646 ore,

236 1653 283 1686 Ut
306 1661 357 1683 me
381 1660 491 1685 serves
515 1652 569 1691 pio
592 1661 681 1684 more

236 1699 362 1733 Inimici
385 1709 404 1731 a
428 1700 551 1731 timore.

235 1786 315 1825 Ave,
345 1785 427 1825 Iesu,
455 1792 524 1816 mea
550 1787 633 1824 vota,

237 1834 311 1874 Oro,
338 1833 422 1873 quod
446 1833 511 1864 sint
535 1831 594 1863 tibi
618 1834 704 1872 nota,

236 1882 283 1915 Ut
308 1880 381 1912 dum
408 1888 501 1920 surgo
529 1878 644 1912 fraude
667 1882 762 1920 mota,

235 1928 381 1961 Reddam
408 1927 466 1959 tibi
489 1926 547 1958 illa
569 1930 652 1960 vota.

236 2016 318 2054 Ave,
345 2015 429 2052 Iesu,
456 2017 571 2052 terrae,
598 2012 694 2045 maris

235 2063 280 2095 Et
304 2065 461 2094 astrorum
486 2069 543 2093 rex
565 2060 698 2098 vocariS,

236 2111 310 2142 Iure
335 2111 389 2141 tuo
412 2119 475 2141 non
501 2108 648 2149 privaris,

236 2157 295 2197 Qui
322 2157 441 2189 virtute
468 2156 650 2189 dominaris.

237 2234 318 2273 Ave,
344 2233 428 2275 Iesu,
456 2240 547 2273 quem
573 2232 749 2271 laudamus,

234 2282 279 2314 Ut
304 2283 337 2312 te
361 2281 463 2312 solum
488 2280 694 2321 requiramuS‚

233 2329 293 2369 Da,
319 2328 353 2359 in
378 2330 476 2367 terra,
503 2330 535 2358 10
556 2335 713 2367 rogamus,

232 2376 324 2408 Viam
350 2378 436 2407 tuam
463 2383 695 2416 cognoscamus

835 207 888 241 17.

835 433 890 465 18.

835 657 888 690 19.

833 882 887 914 20.

838 1107 892 1139 21.

835 1334 889 1365 22.

834 1560 889 1592 23.

834 1786 889 1817 24.

834 2014 889 2046 25.

835 2231 890 2263 26.

914 207 992 251 Ave,
1016 206 1097 246 Iesu,
1126 209 1159 237 tu
1184 206 1292 238 virtuti

913 255 1034 286 Manda
1058 256 1140 295 tuae,
1167 262 1228 293 qua
1252 253 1353 284 adiuti

915 301 965 334 Ab
990 301 1117 333 incursu
1143 300 1238 332 simus
1262 301 1321 331 tuti

913 348 1023 381 Hostis
1046 356 1180 387 nequam
1206 349 1238 378 01
1261 348 1389 381 versuti.

916 433 996 473 Ave,
1021 433 1103 473 Iesu,
1131 441 1207 472 quos
1232 432 1264 463 in
1289 432 1350 463 imo

916 479 1025 512 Cernis
1051 478 1128 510 fixos
1154 482 1186 510 01
1208 478 1240 510 in
1265 479 1351 519 limo,

914 525 1003 559 Leve.
1023 534 1146 557 sursum
1170 535 1227 558 nos
1254 526 1294 557 de
1318 525 1391 557 fimo

913 573 959 604 Et
981 572 1119 604 reforma
1143 573 1212 605 loco
1236 572 1348 612 primo.

913 657 992 697 Ave,
1019 658 1113 689 valde
1135 660 1169 688 tu
1194 666 1333 698 serenus,

913 704 986 735 Iesu
1011 704 1112 736 dulcis
1139 707 1170 735 et
1194 713 1354 745 3111οο11115,

914 751 966 782 Ad
992 752 1024 782 te
1048 751 1138 781 malis
1160 751 1266 783 multis
1293 752 1404 792 plenus

916 797 1039 829 Clamat
1061 806 1183 837 pauper
1208 800 1239 830 et
1264 807 1387 837 egenuS.

914 883 994 921 Ave,
1020 881 1102 921 Iesu,
1129 891 1184 914 vas
1209 882 1373 922 mellitum,

916 928 1033 960 Contra
1058 928 1179 960 hostem
1205 929 1301 960 valde
1317 929 1437 969 tritum,

914 975 995 1007 Mihi
1020 977 1122 1007 locum
1144 976 1178 1007 in
1199 976 1351 1007 munitum

914 1022 962 1054 Tu
987 1023 1030 1054 sis
1057 1026 1086 1053 et
1112 1024 1248 1055 tutorem
1274 1023 1379 1054 citum.

919 1107 999 1148 Ave,
1025 1106 1107 1147 lesu,
1134 1108 1175 1139 ad
1200 1115 1249 1138 me
1273 1108 1361 1139 stilla

914 1154 964 1185 De
987 1153 1140 1185 malorum
1167 1154 1228 1186 duc
1253 1153 1372 1192 favilla,

914 1200 959 1233 Ut
982 1209 1070 1232 mens
1094 1210 1164 1233 mea
1188 1202 1230 1232 511
1255 1202 1436 1241 tranquilla,

914 1248 1043 1280 Oriatur
1067 1256 1130 1286 pax
1154 1248 1187 1280 in
1211 1248 1276 1280 illa.

916 1332 997 1372 Ave,
1022 1332 1104 1370 Iesu,
1133 1341 1225 1364 cruce
1249 1341 1376 1371 pressus

914 1379 1014 1422 Meos,
1042 1388 1107 1419 oro,
1135 1379 1195 1419 fige
1219 1379 1355 1419 gr‘essus,

915 1426 964 1458 Ne
987 1427 1161 1459 discurram
1185 1429 1259 1467 post
1282 1435 1426 1458 excessus

915 1473 980 1506 Sed
1005 1473 1163 1514 quiescam
1189 1474 1223 1506 in
1250 1476 1284 1505 te
1307 1473 1420 1506 fessus.

915 1558 995 1599 Ave,
1023 1559 1104 1598 Iesu,
1133 1567 1242 1590 creans
1267 1559 1386 1599 stellas,

914 1605 964 1637 De
987 1606 1127 1646 peccatis
1152 1615 1201 1637 me
1227 1606 1355 1648 evellas,

915 1652 1029 1685 Mundi
1052 1651 1155 1684 feram
1178 1662 1219 1684 ne
1243 1654 1411 1695 procellas,

918 1699 967 1730 Ne
992 1700 1026 1732 in
1050 1699 1144 1731 finem
1169 1709 1219 1732 me
1244 1701 1391 1739 repellas.

920 1785 1000 1827 Ave,
1028 1784 1111 1816 calix
1137 1785 1201 1816 vini
1226 1785 1313 1828 meri,

915 1833 1012 1871 Quem
1037 1841 1099 1863 non
1125 1832 1237 1864 bibunt
1261 1832 1423 1873 insinceri,

917 1880 940 1912 Ο
967 1880 1010 1911 101
1034 1879 1116 1921 Iesu,
1148 1879 1248 1911 dulcis
1273 1880 1392 1920 quaeri,

915 1926 983 1958 Fac
1010 1930 1042 1959 10
1067 1926 1128 1959 0110
1153 1926 1321 1967 possideri.

917 2013 996 2053 Ave,
1023 2014 1106 2053 Iesu,
1132 2023 1194 2046 non
1219 2012 1266 2044 sic
1289 2015 1368 2053 tace,

916 2060 1055 2100 Raptum
1080 2061 1189 2093 mundi
1216 2059 1255 2092 de
1280 2059 1409 2092 fornace

917 2107 1065 2140 Caritatis
1090 2117 1148 2139 ure
1169 2107 1249 2147 face,

916 2155 961 2187 Ut
985 2156 1143 2196 quiescam
1168 2156 1215 2187 510
1238 2155 1270 2186 in
1295 2164 1384 2195 pace.

916 2232 997 2273 Ave,
1023 2233 1106 2273 Iesu,
1135 2232 1234 2263 virtus
1260 2234 1324 2271 pia,

918 2279 1021 2311 Patris
1045 2287 1100 2310 oro
1125 2281 1157 2310 te
1181 2279 1304 2320 sophia,

914 2326 960 2358 Es
985 2327 1140 2358 iucundus
1163 2327 1295 2358 multum
1322 2327 1403 2367 quia,

915 2374 986 2406 Tibi
1013 2375 1056 2406 sit
1080 2383 1134 2406 cor
1158 2383 1261 2406 meum
1288 2375 1348 2407 via.
