1650 2612
199 218 230 250 9.

177 541 230 573 10.

179 862 234 895 11.

181 1184 236 1216 12.

179 1506 233 1538 13.

180 1826 233 1859 14.

178 2160 232 2193 15.

700 122 933 159 -87-

257 221 337 258 Ave,
363 219 446 259 Iesu,
474 219 562 252 dives
589 219 689 259 donis,

254 267 323 299 Iam
346 270 379 298 te
402 275 478 298 suae
501 267 679 307 sponsionis

305 314 391 347 Ordo
416 316 523 346 monet
543 314 697 353 inclitum,

258 360 408 393 Caritatis
432 363 469 393 ut
492 360 641 400 abyssum

259 408 351 441 Caris
376 409 499 448 pandas
526 410 558 439 et
581 407 770 448 promissum

304 455 432 496 Dirigas
456 456 656 495 paraclitum.

258 542 339 583 Ave,
365 541 449 583 Iesu,
474 549 534 571 nec
557 540 702 579 moraris,

258 588 494 620 Praestolantes
521 587 694 619 consolaris

305 635 384 675 Igne
407 635 503 667 misso
530 635 672 673 caelitus,

259 682 319 721 Qui
342 682 522 722 linguarum
545 681 579 712 in
603 680 705 722 figura

260 729 456 761 Dilectorum
481 728 578 760 corda
601 737 683 768 pura

308 774 522 808 Inflammavit
545 775 681 815 penitus,

262 862 339 903 Ave,
365 861 447 900 Iesu,
475 861 522 891 sic
543 867 660 900 arsere,

261 908 315 940 Sic
338 908 487 940 ardentes
512 915 665 948 accepere

306 955 430 987 Novam
454 954 569 986 mentis
595 953 718 991 faciem,

258 1004 382 1034 Aurum
407 1002 523 1034 ardens
547 1004 584 1033 ut
607 1001 756 1040 ardescit,

259 1049 306 1082 Ut
328 1050 362 1081 in
386 1050 460 1089 igne
486 1049 559 1080 dum
580 1048 729 1088 liquescit

307 1097 395 1137 Ignis
418 1096 516 1128 habet
539 1095 688 1135 speciem.

262 1184 342 1221 Ave,
368 1181 451 1221 Iesu,
475 1180 558 1220 ignis
585 1180 672 1212 cuius

260 1230 398 1262 Pravum
423 1228 528 1268 ignem
552 1227 663 1260 mundi
686 1226 778 1258 huius

308 1276 417 1308 Vincit
441 1278 473 1307 et
496 1273 678 1315 refrigerat,

258 1325 360 1356 Amor
380 1326 452 1354 tuus
476 1322 558 1363 ignis
582 1322 653 1365 iste,

259 1372 311 1404 Ex
327 1374 360 1403 te
375 1369 551 1410 flammans,
568 1370 641 1402 Iesu
654 1368 789 1407 Christe,

309 1418 422 1451 Carnis
445 1416 604 1450 flammam
627 1418 768 1456 superat.

259 1504 338 1547 Ave,
366 1503 448 1546 Iesu,
475 1502 558 1543 ignis
582 1502 677 1541 vitae,

258 1551 403 1592 Linguae
425 1550 508 1590 ignis
534 1549 731 1590 dispertitae,

309 1598 396 1637 Quae
419 1595 623 1629 flammabant
640 1596 789 1637 singulos,

259 1645 460 1686 Figurabant
483 1646 559 1684 apte
583 1644 660 1675 satis

260 1693 370 1733 Ignem
395 1695 469 1723 tuae
494 1691 636 1722 caritatis

307 1739 560 1771 Flammaturum
583 1737 728 1778 populos.

257 1826 338 1866 Ave,
365 1825 447 1867 Iesu,
475 1824 522 1855 sic
548 1825 704 1863 excoctos,

261 1872 315 1906 Sic
339 1875 502 1912 purgatos,
528 1871 575 1903 sic
599 1871 728 1902 edoctos

306 1920 376 1952 Tua
398 1918 476 1951 fecit
499 1918 616 1957 unctio,

259 1968 345 2007 Pios,
375 1967 481 2009 mites,
508 1966 621 2007 laet0S,
646 1964 789 2007 mundos,

260 2016 385 2055 Fortes,
412 2017 519 2056 gratos
545 2016 577 2046 et
601 2012 774 2051 facundos3

308 2063 410 2103 Quam
432 2062 592 2103 stupenda
615 2059 721 2094 ratio!

258 2159 339 2200 Ave,
366 2158 451 2198 Iesu,
478 2166 535 2190 rex
558 2157 702 2198 insignis,

258 2207 360 2239 Amor
383 2209 456 2239 tuus
481 2205 572 2238 vivus
596 2204 679 2245 ignis

308 2253 385 2286 Urit
407 2255 530 2286 mentes
556 2252 705 2293 dulciter,

261 2303 362 2335 Prece
385 2301 508 2343 matris,
535 2310 553 2333 ο
577 2300 724 2340 benigne,

259 2349 327 2382 Nos
352 2349 494 2390 algentes
520 2349 561 2382 da
585 2348 646 2381 hoc
668 2347 742 2388 igne

308 2395 504 2432 Inflammari
526 2396 655 2438 iugiter.

858 221 909 254 16.

860 541 911 573 17.

859 859 915 893 18.

861 1180 915 1213 19.

860 1504 915 1535 20.

862 1823 916 1857 21.

863 2157 918 2189 22.

937 221 1018 262 Ave,
1043 220 1126 263 Iesu,
1153 220 1229 252 celsi
1253 219 1369 264 throni,

938 268 1097 308 Spiritalis
1123 268 1215 300 huius
1241 267 1314 300 doni

983 315 1076 347 Dona
1099 315 1312 355 participium,

938 364 1005 395 Fac
1028 371 1078 394 me
1103 363 1216 394 durum
1239 365 1272 393 te
1296 370 1411 401 amare,

939 409 1088 442 Caritatis
1114 410 1155 442 da
1179 412 1306 451 gustare

984 456 1086 488 Dulce
1110 455 1320 497 refrigerium.

938 542 1018 582 Ave,
1044 541 1126 582 Iesu,
1152 541 1257 572 lumen
1281 549 1405 582 purum,

940 588 987 620 Te
1012 590 1189 629 spectamus
1214 587 1396 620 adfuturum

986 635 1128 667 Iudicem
1152 636 1184 666 in
1208 635 1353 678 nubibus,

939 682 1029 713 Tunc
1053 682 1185 714 virtutes
1210 681 1429 722 movebuntur,

941 728 1093 760 Civitates
1117 729 1320 760 terrebuntur

988 775 1093 807 Variis
1117 776 1313 808 tumultibus.

940 860 1019 903 Ave,
1046 860 1129 902 Iesu,
1155 862 1231 892 tunc
1254 860 1428 901 pavendus,

940 907 1105 939 Peccatori
1128 907 1315 939 metuendus

987 954 1122 986 Arbiter
1144 954 1324 996 adveniens,

941 1002 979 1033 In
1006 1001 1166 1033 horrenda
1188 1001 1271 1041 ignis
1295 1001 1387 1041 nube,

941 1047 979 1079 In
1005 1049 1154 1088 clangore
1178 1048 1264 1081 vocis
1289 1048 1385 1079 tubae

990 1095 1105 1128 Orbem
1129 1097 1230 1127 totum
1255 1095 1409 1134 quatiens.

941 1181 1021 1223 Ave,
1048 1180 1129 1221 Iesu,
1156 1179 1241 1212 orbis
1266 1182 1351 1211 totus

941 1227 1036 1259 Velut
1060 1227 1131 1259 loco
1155 1235 1211 1258 suo
1236 1230 1338 1258 motus

988 1274 1180 1315 Eragorabit
1203 1274 1343 1315 horride,

941 1322 1043 1353 Terra
1066 1323 1143 1353 tunc
1166 1321 1281 1353 ardere
1304 1321 1391 1352 iussa

943 1368 1172 1401 Contremiscet
1194 1369 1227 1401 vi
1253 1376 1405 1400 concussa

988 1416 1201 1456 Tempestatis
1225 1415 1361 1448 validae.

940 1503 1020 1540 Ave,
1046 1502 1128 1541 Iesu,
1155 1500 1265 1533 orbem
1288 1503 1389 1533 totum

944 1549 989 1582 Ut
1014 1558 1034 1581 a
1058 1548 1273 1580 fundamentis
1297 1550 1416 1580 motum

989 1595 1189 1636 Quassabunt
1212 1596 1363 1637 tonitrua,

941 1644 1110 1676 Elementa
1134 1643 1333 1681 creabuntur,

941 1692 1020 1731 Igne
1046 1693 1158 1722 cuncta
1182 1689 1400 1731 vastabuntur,

989 1738 1219 1778 Aequabuntur
1247 1737 1358 1770 ardua.

943 1824 1022 1866 Ave,
1050 1823 1132 1863 Iesu,
1157 1831 1239 1854 novo
1265 1830 1354 1853 more

944 1871 1035 1902 Tunc
1060 1870 1204 1902 districto
1232 1878 1301 1901 cum
1325 1871 1450 1901 terrore

990 1917 1169 1958 Fulgurans
1193 1917 1227 1948 in
1251 1916 1399 1956 nubibus,

944 1966 1147 2006 Expavescet
1172 1966 1326 2005 creatura,

945 2013 1060 2046 Mundi
1084 2015 1156 2044 ruet
1177 2012 1257 2044 haec
1280 2010 1383 2052 figura

992 2060 1169 2094 Horrendis
1195 2059 1386 2100 fragoribus

944 2157 1025 2196 Ave,
1050 2156 1133 2196 Iesu,
1160 2157 1294 2196 quantus
1319 2164 1427 2199 angor,

945 2204 1027 2236 Dum
1053 2203 1180 2236 sonabit
1203 2202 1300 2234 tubae
1326 2202 1463 2244 clangor,

992 2253 1039 2285 Ut
1065 2250 1206 2283 defuncti
1229 2250 1398 2292 prodeant,

945 2299 1036 2332 Tunc
1054 2308 1122 2331 cum
1139 2298 1232 2331 iustis
1244 2299 1379 2338 surgunt
1386 2297 1474 2338 mali,

947 2347 1040 2380 Sorte
1063 2349 1170 2380 tamen
1193 2355 1257 2378 non
1282 2346 1418 2387 aequali,

994 2395 1058 2429 Sed
1082 2397 1119 2428 ut
1144 2402 1270 2435 semper
1294 2393 1438 2429 ardeant.
