1650 2612
546 637 582 668 X.
622 638 813 670 Psalterium
833 640 947 671 beatae
965 639 1083 671 Mariae
1102 639 1137 670 V.

551 702 680 731 auctore
703 698 875 731 Edmundo
908 699 1138 733 cantuariensi.

602 802 742 835 Prima
772 801 1087 842 Quinquagena.
1116 796 1119 799 ยน

206 876 237 907 1.
263 876 343 916 Ave,
370 877 469 917 virgo,
495 877 615 916 lignum
639 877 724 919 mite,

262 922 349 961 Quae
375 924 493 955 dedisti
517 922 655 955 fructum
680 924 764 956 vitae

310 969 412 1002 Saluti
436 970 588 1011 fidelium,

264 1015 408 1049 Genuisti
431 1017 589 1049 Christum
613 1018 728 1058 Iesum,

262 1062 326 1094 Sed
351 1064 483 1102 pudoris
502 1072 564 1095 non
582 1067 631 1095 est
646 1065 765 1095 laesum

306 1109 376 1141 Nec
401 1109 533 1142 defluxit
556 1109 676 1145 folium.

201 1197 231 1227 2.
255 1194 335 1233 Ave,
363 1194 463 1235 virgo,
487 1194 582 1225 stella
608 1194 715 1234 maris,

255 1240 435 1279 Disciplina
459 1240 617 1279 salutaris,

304 1287 370 1319 Nos
395 1288 531 1319 emunda
555 1287 642 1326 vitio,

255 1335 301 1366 Te
326 1335 492 1374 permittas
518 1335 717 1374 apprehendi

257 1383 318 1414 Per
342 1383 519 1421 exemplum
546 1385 578 1412 te
602 1382 765 1422 sequendi,

302 1428 353 1460 Ne
376 1436 433 1461 nos
457 1431 567 1469 tangat
589 1430 679 1461 ultio.

194 1515 226 1546 3.
252 1514 333 1553 Ave,
359 1514 461 1545 nostri
486 1513 571 1544 salus
596 1514 709 1553 morbi,

251 1560 315 1591 Per
338 1568 429 1599 quam
457 1561 522 1593 vita
548 1559 641 1592 datur
665 1561 736 1593 orbi

298 1606 383 1639 Nato
405 1607 466 1639 Dei
491 1606 567 1646 filio,

251 1655 315 1686 Per
339 1663 432 1693 quam
456 1654 556 1685 hostis
581 1662 633 1685 ars
659 1652 789 1685 confusa

248 1701 293 1733 Et
316 1701 350 1732 in
375 1701 500 1741 plebem
525 1702 573 1732 est
597 1699 695 1731 effusa

299 1748 361 1780 Dei
386 1748 577 1781 benedictio.

192 1837 226 1869 4.
250 1835 332 1876 Ave,
358 1835 458 1876 virgo,
486 1833 557 1865 fons
583 1834 733 1874 signatus,

249 1882 348 1921 Quem
379 1881 517 1922 signavit
542 1879 686 1913 Christus
711 1882 804 1912 natus

292 1929 407 1961 Vultus
432 1929 482 1960 sui
506 1928 635 1968 lumine,

244 1977 330 2009 Dum
354 1977 388 2009 in
413 1980 486 2009 ortu
509 1976 662 2008 creatoris

248 2024 320 2057 Stat
342 2024 473 2057 illaesus
498 2022 557 2056 flos
582 2022 715 2063 pudoris

292 2072 511 2105 obumbrante
534 2069 670 2102 flamine.

186 2162 217 2192 5.
244 2160 324 2202 Ave,
354 2158 464 2191 domus
491 2156 657 2188 castitatis.

241 2206 409 2246 Templum
434 2213 548 2245 purum
573 2202 762 2243 sanctitatis,

293 2254 354 2286 Dei
379 2254 475 2294 plena
500 2252 613 2293 gratia,

245 2301 397 2334 Nostram
414 2301 493 2334 offer
509 2300 638 2333 Christo
660 2306 798 2338 precem,

239 2348 353 2381 Nostri
379 2349 486 2383 cordis
511 2356 613 2388 purga
638 2345 759 2378 faecem

286 2396 487 2430 Delictorum
510 2395 614 2429 venia.

910 878 940 909 6.
967 877 1046 916 Ave,
1072 877 1172 916 virgo,
1200 875 1279 906 caeli
1303 874 1398 915 scala,

965 922 1109 955 Fraudes
1134 922 1243 959 hostis,
1269 921 1378 953 mundi
1399 920 1492 962 mala,

1012 970 1153 1009 Pugnam
1179 969 1282 1000 carnis
1307 967 1455 1007 reprime,

967 1015 1217 1055 Confundantur,
1244 1015 1440 1055 erubescant,

965 1062 1199 1094 Conturbentur
1224 1066 1255 1094 et
1276 1062 1439 1093 tabescant

1012 1109 1127 1141 Omnes
1152 1110 1257 1141 hostes
1282 1108 1414 1140 animae.

906 1195 936 1225 7.
962 1195 1043 1234 Ave,
1070 1194 1155 1225 cuius
1182 1201 1236 1223 cor
1260 1192 1418 1231 lustravit,

964 1240 1059 1272 Cuius
1083 1241 1188 1272 alvum
1215 1239 1413 1271 consecravit

1007 1287 1152 1327 Superna
1178 1286 1327 1327 dignatio,

961 1333 1055 1366 Cuius
1081 1342 1182 1375 renes,
1209 1333 1296 1364 cuius
1322 1341 1395 1364 caro

960 1381 1015 1412 Nil
1040 1382 1213 1413 hauserunt
1237 1389 1275 1411 ex
1300 1388 1407 1411 amaro

1006 1426 1135 1460 Peccati
1161 1427 1315 1467 contagio.

901 1514 931 1545 8.
957 1514 1035 1557 Ave,
1061 1514 1146 1553 luna,
1172 1520 1265 1552 quam
1290 1511 1438 1543 fundavit

959 1560 1023 1599 Sol,
1048 1560 1101 1600 qui
1125 1559 1275 1591 mundum
1300 1558 1441 1590 visitavit

1004 1608 1173 1649 Apparens
1198 1606 1387 1639 hominibus,

958 1654 1035 1686 Cum
1060 1658 1107 1686 est
1130 1653 1232 1685 nostri
1255 1654 1453 1691 recordatae,

957 1701 1054 1734 Paulo
1077 1702 1181 1732 minus
1205 1701 1380 1732 minoratus

1002 1750 1031 1781 A
1057 1748 1202 1790 supernis
1229 1748 1361 1779 civibus.

899 1835 930 1867 9.
957 1835 1037 1873 Ave,
1062 1833 1162 1873 virgo,
1189 1833 1251 1864 Dei
1275 1832 1418 1872 thronus,

956 1880 994 1911 In
1017 1888 1077 1920 quo
1102 1880 1193 1912 sedet
1218 1880 1302 1912 solus
1327 1880 1438 1921 bonus,

1002 1928 1062 1967 Qui
1085 1937 1148 1959 non
1174 1926 1269 1959 habet
1294 1927 1438 1967 similem,

954 1974 1013 2014 Qui
1039 1974 1177 2015 perfecit
1199 1983 1302 2007 meam
1328 1983 1463 2014 causam,

954 2022 1038 2054 Dum
1050 2031 1109 2063 per
1122 2024 1247 2062 portam
1260 2022 1326 2054 exit
1335 2022 1484 2056 clausam.

1001 2069 1135 2102 Carnem
1163 2078 1288 2102 sumens
1313 2068 1470 2110 fragilem.

873 2156 927 2188 10.
955 2156 1033 2199 Ave,
1066 2155 1127 2187 Dei
1152 2156 1305 2194 templum
1330 2157 1482 2199 sanctum,

952 2203 1136 2235 Peccatoris
1161 2203 1237 2234 audi
1262 2203 1424 2243 planctum

1000 2249 1044 2282 Et
1069 2250 1174 2282 cordis
1200 2250 1348 2291 suspiria,

954 2297 1012 2329 Dei
1041 2298 1172 2340 caelum,
1197 2297 1259 2330 Dei
1283 2298 1388 2338 sedes,

952 2343 1024 2377 Duc
1048 2348 1081 2378 et
1101 2354 1177 2386 rege
1200 2349 1324 2378 nostros
1349 2344 1449 2385 pedes

999 2394 1053 2426 Ad
1079 2393 1160 2425 caeli
1184 2394 1308 2426 sedilia.
