1650 2612
459 574 510 606 IV.
541 574 731 606 Psalterium
752 575 789 606 (le
809 575 842 606 D.
862 576 893 607 N.
914 577 982 608 Iesu
1002 576 1130 608 Christo.

562 645 700 677 Prima
724 645 1033 686 Quinquagena.

185 733 192 740 .
219 709 299 748 Ave,
326 710 408 749 Iesu,
434 710 556 749 lignum
580 710 666 749 mite,

221 754 364 796 Lignum,
390 756 528 798 inquam,
553 757 626 789 vitis
653 757 746 797 vitae,

265 802 353 841 Quae
376 803 512 835 salutem
536 803 648 845 edidit,

218 848 319 889 Ligno
343 851 479 883 mundus
505 853 553 882 est
574 853 766 894 peremptus,

217 895 319 936 Ligno
342 906 451 929 rursus
478 901 527 930 est
549 898 742 937 redemptus,

265 943 341 976 Cum
366 945 463 977 Iudas
485 948 518 976 te
542 945 696 977 vendidit.

183 1025 189 1031 .
216 1001 295 1039 Ave,
322 1001 404 1042 Iesu,
430 1001 581 1032 miserere

221 1047 381 1079 Pecatoris
407 1049 437 1078 et
460 1048 589 1079 medere

264 1094 357 1125 Meae
383 1095 494 1125 mentis
520 1095 640 1136 intima,

218 1140 275 1178 Qui
303 1150 362 1180 pro
386 1140 478 1172 nobis
504 1150 537 1172 es
559 1141 692 1181 benigne

216 1188 247 1218 A
274 1188 401 1220 Iudaeis
427 1188 484 1220 sed
508 1188 638 1229 indigne

264 1235 389 1268 Probra
412 1244 524 1275 passus
548 1235 696 1275 plurima.

183 1315 190 1323 .
217 1291 297 1331 Ave,
325 1293 406 1331 Iesu,
433 1301 495 1324 vox
520 1300 661 1333 amoena,

217 1339 287 1370 Vox
308 1339 424 1381 suavis,
451 1348 513 1371 vox
538 1347 650 1371 serena

266 1386 335 1417 Vox
359 1386 453 1426 plena
478 1386 628 1427 laetitiae,

216 1432 311 1472 Sana,
337 1441 462 1475 precor,
489 1434 674 1472 sauciatum,

218 1480 317 1512 Serva
342 1480 401 1512 tibi
426 1479 495 1512 Deo
522 1481 631 1512 datum

263 1527 315 1558 Ab
339 1528 431 1559 hoste
455 1528 606 1559 malitiae.

183 1610 189 1617 .
217 1584 297 1623 Ave,
324 1581 410 1624 Iesu,
437 1584 490 1623 qui
517 1583 671 1622 dormisti,

218 1630 276 1668 Qui
302 1630 445 1670 sepultus
471 1631 597 1662 iacuisti

265 1677 387 1709 Terrae
410 1677 469 1708 sub
494 1677 688 1720 umbraculo,

219 1724 312 1756 Felix
337 1725 428 1756 miles
454 1728 487 1756 te
510 1724 642 1767 potavit,

220 1771 324 1803 Semel
348 1772 431 1804 latus
457 1771 635 1812 perforavit

267 1818 376 1851 Crucis
399 1819 432 1850 in
454 1819 608 1859 patibulo.

183 1900 190 1908 .
216 1876 296 1916 Ave,
322 1876 405 1915 Iesu,
430 1885 522 1916 quem
547 1877 683 1908 adorant

220 1924 335 1956 Omnes
361 1926 470 1964 gentes
496 1926 528 1955 et
552 1926 685 1955 exorant

264 1971 433 2004 Dicentes:
459 1970 615 2012 salvifica3

218 2019 296 2059 Igne
319 2020 429 2051 sancto
453 2027 540 2050 meos
564 2026 621 2050 ure

217 2066 321 2098 Renes
345 2069 377 2098 et
403 2074 467 2106 cor,
493 2068 529 2098 ut
550 2069 582 2098 te
606 2073 686 2106 pure

266 2114 409 2146 Laudem
433 2114 529 2147 laude
553 2113 683 2146 caelica.

184 2195 191 2201 .
218 2170 298 2211 Ave,
323 2171 408 2212 Iesu,
433 2170 467 2202 in
493 2169 602 2202 furore

220 2217 292 2249 Non
316 2227 367 2251 me
388 2220 443 2249 tuo
469 2219 521 2250 vel
544 2218 660 2250 ardore

264 2265 335 2305 Igni
362 2265 470 2297 tradas
497 2266 645 2307 hostium,

219 2312 414 2345 Paenitentis
439 2316 576 2345 mentem
601 2321 688 2352 sana,

217 2359 306 2393 Mala
331 2360 448 2402 cordis,
475 2361 540 2392 oris
565 2369 657 2398 vana,

268 2407 380 2441 Carnis
408 2408 479 2439 dele
504 2408 626 2440 vitium.

867 712 898 743 7.

840 1583 894 1615 10.

842 1874 895 1909 11.

845 2169 899 2201 12.

924 712 1003 752 Ave,
1029 711 1111 751 Iesu,
1136 712 1233 744 iudex
1256 712 1366 755 iustus,

921 759 975 790 Ira
1000 766 1098 797 cares,
1125 758 1242 790 vindex
1266 759 1348 798 pius,

967 804 1059 836 Mitis
1082 807 1176 844 atque
1197 805 1332 845 patiens,

922 851 996 890 Oro,
1022 859 1061 883 ne
1085 855 1209 883 nostras
1235 852 1338 891 rapiat

918 898 1050 932 Animas
1072 899 1123 931 vel
1147 899 1268 931 inficiat

967 946 1166 977 Adversator
1189 946 1341 978 saeviens.

888 1026 895 1034 .
922 1003 1001 1043 Ave,
1027 1001 1111 1041 Iesu,
1138 1001 1290 1040 splendor
1314 1003 1425 1043 patris,

924 1047 983 1086 Qui
1008 1048 1110 1079 beasti
1136 1052 1278 1080 ventrem
1297 1050 1418 1090 matris,

969 1094 1019 1126 De
1044 1103 1105 1133 qua
1130 1103 1254 1127 carnem
1282 1104 1430 1130 sumeres,

922 1140 986 1172 Sub
1013 1150 1074 1181 qua
1099 1141 1185 1173 Deus
1210 1142 1345 1174 latitasti

922 1187 1036 1228 Sicque
1062 1196 1114 1219 eos
1139 1190 1330 1229 provocasti,

967 1235 1012 1267 Ut
1041 1234 1146 1266 hostes
1174 1236 1348 1276 deciperes.

887 1318 894 1324 .
921 1292 1000 1335 Ave,
1028 1291 1110 1333 Iesu,
1135 1292 1214 1332 legis
1239 1294 1332 1335 lator,

922 1338 1001 1370 Esto
1027 1346 1113 1370 meus
1138 1339 1329 1379 gubernator

969 1385 1061 1418 Nunc
1085 1394 1210 1425 semper
1236 1388 1267 1417 et
1290 1386 1415 1426 ubique,

922 1433 969 1465 Ut
991 1432 1068 1465 fidei
1092 1433 1150 1463 sim
1177 1436 1299 1464 amator

922 1480 1028 1519 Atque
1051 1479 1131 1519 legis
1158 1483 1361 1512 conservator

971 1526 1095 1559 Mariae
1119 1527 1231 1558 matris
1255 1536 1361 1566 opere.

919 1583 999 1626 Ave,
1027 1583 1108 1626 Iesu,
1136 1583 1265 1615 verbum
1289 1585 1389 1622 patris

922 1631 1014 1662 Vitae
1038 1630 1101 1670 via,
1128 1640 1183 1662 vas
1207 1631 1344 1670 virtutis,

968 1678 1031 1709 Per
1056 1677 1151 1708 beata
1171 1678 1308 1719 viscera,

925 1724 1020 1756 Cuius
1046 1732 1172 1755 carnem
1196 1724 1328 1756 induisti

921 1771 1046 1803 Emisso
1071 1779 1129 1803 ave
1155 1771 1294 1812 caelesti,

970 1818 1053 1850 Sana
1077 1827 1134 1849 nos
1162 1821 1193 1849 et
1217 1819 1328 1852 libera.

921 1876 1000 1913 Ave,
1027 1875 1110 1913 Iesu,
1137 1884 1290 1906 summum
1316 1875 1441 1917 bonum,

923 1924 951 1954 A
972 1932 1031 1962 quo
1051 1922 1138 1953 venit
1151 1931 1303 1953 summum
1325 1923 1449 1957 donum.

974 1970 1093 2008 Corpus
1118 1978 1244 2001 sumens
1267 1968 1391 2010 fragile,

923 2017 970 2049 Tu
997 2017 1142 2049 veritatis
1158 2017 1308 2059 -abyssuS,

924 2064 970 2096 Te
994 2064 1116 2105 respuit
1139 2065 1239 2096 omnis
1263 2067 1380 2105 coetus,

971 2112 1100 2152 Signum
1126 2111 1326 2146 delectabile.

925 2170 996 2201 Ave
1019 2169 1120 2200 nostri
1145 2169 1312 2208 mediator,

926 2218 1009 2258 lesu,
1034 2216 1145 2248 mundi
1170 2219 1345 2257 reparator,

973 2264 1032 2304 Qui
1055 2264 1159 2296 salvas
1185 2270 1217 2295 et
1241 2264 1382 2306 perimis,

925 2311 1006 2343 Dele
1030 2312 1144 2343 mentis
1169 2311 1371 2352 pravitatem,

927 2358 1140 2391 Daemonibus
1162 2361 1352 2399 potestatem

974 2407 1033 2447 Qui
1058 2405 1183 2439 confers
1209 2410 1240 2438 et
1264 2406 1388 2439 adimis.
