1650 2612
211 195 238 227 3.
259 198 283 225 O
304 199 363 226 <lux
380 198 465 235 bone,
483 198 563 226 mitis
582 200 654 230 esto,

260 236 301 264 Ut
321 237 417 264 oblato
439 235 523 264 corde
543 237 653 262 maesto

297 274 441 301 Canamus
462 282 525 301 cum
545 272 645 306 iubilo,

257 311 358 339 Bonae
376 311 535 339 voluntatis
555 311 636 337 scuto

257 348 317 376 Fae
336 349 442 376 diverti
463 348 536 376 calle
555 350 617 375 tuto

295 385 419 414 Salvans
440 394 458 413 a
477 385 616 421 periculo.

209 451 237 478 4.
258 451 282 478 Ο
301 452 406 484 Maria,
425 450 515 478 maris
535 450 630 483 stella,

256 488 382 516 Deitatis
403 490 485 515 casta
505 487 586 520 cella„

293 526 396 553 Hostis
415 525 484 561 fuga
504 526 604 558 aciem,

259 562 350 590 Saera
366 563 460 598 virgo,
479 570 533 589 nos
552 563 662 595 iuvare,

260 600 302 627 Ut
320 601 465 636 possimus
487 600 683 637 contemplare

294 639 387 665 Tuam
407 637 557 673 pulchram
576 638 689 665 faeiem.

218 702 245 731 5.
265 703 289 730 O
309 704 385 736 Iesu,
407 704 477 731 solis
497 704 532 731 ab
554 706 619 731 ortu

258 741 325 768 Duo
343 743 376 768 tu
395 742 516 769 salutari
536 745 622 777 portu

295 779 419 806 Salvans
442 780 477 807 ab
501 780 629 811 interitu,

259 816 415 843 Benedieto
435 817 545 844 ventris
564 817 659 843 fructu

258 853 403 881 Liberans
423 854 460 881 ab
481 854 559 881 omni
579 854 658 881 luctu

295 891 342 918 Sis
367 891 446 918 salus
467 892 498 918 in
519 892 606 918 exitu.

212 954 239 983 6.
261 955 284 982 O
304 956 407 990 Maria,
428 957 490 984 Deo
512 964 586 989 cara,

259 993 342 1020 Nulli
361 995 459 1029 gravis
479 1002 573 1028 neque
592 1001 665 1026 rara,

295 1031 338 1058 Te
358 1033 525 1065 exspectant
544 1039 694 1066 pauperes,

259 1068 337 1101 Noli,
357 1068 449 1103 virgo,
469 1070 527 1095 iam
550 1068 672 1101 tardare,

258 1105 375 1132 Flentes
394 1107 460 1132 tuos
481 1106 639 1139 consolare,

296 1143 405 1169 Luctus
425 1143 549 1169 fundunt
567 1143 678 1170 uberes.

796 98 864 137 136
913 118 954 126 —-

883 193 909 221 7.

866 952 906 981 10.

931 194 955 222 O
974 194 1051 228 Iesu,
1071 193 1173 222 salutis
1193 195 1281 231 gustu

933 232 990 265 Qui
1008 231 1077 259 dum
1096 234 1191 267 pascis
1210 231 1333 258 mundos
1353 230 1421 255 actu

966 269 1009 296 Te
1028 273 1215 304 praesentans
1236 269 1326 301 obitu,

928 306 1058 334 Redimis
1077 316 1096 334 a
1114 309 1215 335 mortis
1234 307 1295 333 ictu

929 344 1046 373 Nobilis
1066 346 1158 381 patris
1177 344 1312 372 conflictu

966 382 1082 409 Amoris
1101 383 1219 410 intuitu.

930 447 955 474 Ο
974 448 1078 481 Maria,
1096 447 1197 474 mundi
1214 447 1308 481 navis,

930 485 1119 512 Peccatorum
1137 485 1213 512 caeli
1232 484 1332 517 clavis,

969 522 993 549 O
1013 522 1116 550 salutis
1135 521 1279 558 poculum,

929 561 1006 588 Pota
1025 568 1080 587 nos
1100 560 1138 587 de
1156 561 1226 586 vino
1247 560 1322 586 trino

929 597 1017 625 Dulci
1037 597 1154 625 deitatis
1173 599 1251 629 vino,

966 634 1143 670 Angelorum
1163 633 1319 671 speculum.

931 701 955 729 Ο
975 700 1042 727 Iesu
1063 701 1180 728 eductos
1199 701 1271 727 flatu

929 738 1020 766 Dotes
1042 738 1141 765 divino
1163 738 1252 765 affatu

966 776 1007 803 Et
1025 776 1098 803 caeli
1119 776 1249 809 introitu,

928 813 1075 841 Mundaus
1095 813 1218 840 salutari
1236 813 1306 840 fietu

929 852 974 879 Ab
996 853 1074 878 omni
1095 850 1215 878 defende
1233 853 1313 877 metu

966 888 1081 915 Tartari
1101 889 1238 916 exercitu.

930 954 954 981 O
974 956 1006 980 tu
1025 954 1163 990 templum
1184 954 1331 987 trinitatis,

932 992 1052 1019 Culmen
1071 999 1201 1019 summae
1220 992 1370 1024 (εδει-113115,

967 1029 1128 1064 virginalis
1146 1029 1250 1064 gloria,

931 1067 1043 1094 Praebe
1061 1068 1159 1103 ignem
1179 1067 1310 1094 caritatis

929 1104 971 1131 Et
989 1113 1042 1131 nos
1062 1107 1129 1131 tuae
1151 1104 1293 1131 claritatis

969 1141 1132 1177 Gonfigura,
1152 1142 1257 1169 Maria.

260 1208 316 1234 Die
329 1208 469 1235 Lesarten
489 1207 583 1235 dieser
602 1208 664 1235 ‹lrei
683 1207 823 1236 Gedichte
842 1215 878 1234 zu
897 1207 1087 1235 verzeiehnen
1106 1208 1251 1235 erscheint
1269 1208 1404 1243 unn6tig3
1426 1208 1473 1235 die

185 1245 289 1272 Fehler
308 1245 358 1272 der
378 1246 461 1271 einen
475 1244 527 1272 Hs.
549 1246 613 1272 sintl
633 1246 707 1272 nach
727 1245 781 1272 (len
802 1245 910 1272 andern
929 1245 1069 1272 behoben.
1099 1245 1161 1272 Nur
1179 1245 1226 1272 111
1243 1243 1271 1278 4,
1292 1244 1308 1272 6
1329 1246 1409 1272 lesen
1422 1246 1473 1273 AB

183 1281 290 1309 Procul
317 1285 397 1309 ‘tuam
426 1282 538 1309 faeiem.
576 1283 637 1309 Ein
659 1283 725 1310 Teil
747 1282 841 1309 dieses
865 1282 994 1310 Psalters
1017 1282 1094 1309 steht
1120 1282 1165 1309 als
1193 1282 1381 1318 „Amorosum
1405 1292 1472 1310 ‹zon-

183 1320 347 1346 tubernium
367 1320 433 1346 Iesu
454 1318 562 1346 Christi
582 1323 611 1347 et
629 1321 751 1355 virginis
764 1317 892 1347 Maria&
916 1321 947 1346 in
967 1320 1017 1347 der
1029 1320 1178 1347 Lehniner
1198 1319 1388 1347 Handschrist
1405 1329 1473 1348 vom

182 1356 273 1384 Jahre
294 1355 374 1391 1518,
396 1356 464 1383 eod.
477 1357 533 1385 1V0
552 1355 587 1384 29
608 1356 659 1384 der
677 1357 738 1393 kgl.
759 1357 927 1385 Bibliothek
946 1367 984 1384 zu
1002 1357 1111 1384 Berlin.
