1650 2612
680 112 936 150 *223*

197 205 228 238 3.
256 204 360 248 Salve,
384 215 442 246 per
461 217 551 248 quam
570 217 627 241 nos
644 209 780 241 salvavit
930 211 1132 251 Insurgentes
1156 211 1188 242 in
1214 219 1270 242 nos
1295 210 1413 250 hostes,

303 251 374 285 fuso
400 254 545 287 Christus
570 257 732 297 sanguine,
976 259 1065 298 virgo
1090 263 1213 298 potens,
1239 259 1375 295 contere,

256 300 339 339 Quos
366 303 398 331 et
422 311 478 334 sno
503 305 612 334 sancto
640 303 727 336 dedit
931 306 977 338 Ut
1000 306 1040 337 ab
1065 306 1129 337 illis
1153 313 1241 336 mens
1267 306 1377 343 erepta

303 347 450 387 insigniri
474 350 608 391 nomine,
978 356 1010 384 te
1036 352 1195 385 collaudet
1218 352 1328 383 libere.

253 394 320 426 Per
343 398 385 435 te,
411 396 510 437 virgo,
538 406 589 429 res
613 398 646 429 in
670 397 760 429 nobis
1430 426 1436 432 .

303 442 474 482 impleatur
497 444 632 477 nominis
872 430 903 462 9.
930 427 1034 470 Salve,
1052 437 1110 468 per
1126 437 1219 468 quam
1237 427 1277 459 ad
1297 436 1353 459 nos
1366 428 1453 458 vemt

257 488 312 529 Et,
337 492 375 521 ut
396 490 510 530 plenus
534 492 577 523 sit
598 491 726 524 effectus
977 476 1116 529 cfflqeata
1140 474 1260 516 Deitas’

304 535 367 569 fusi
392 539 474 569 sacri
500 538 669 579 sanguinis.
931 522 976 554 Ut
998 523 1083 554 ¹ll¹¹¹s
1108 522 1259 576 Idumaea
1282 568 1288 574 .

976 578 1091 609 perpes
1116 571 1158 601 Slt
1180 568 1351 607 hereditas,

198 612 230 645 4.
257 612 363 654 Salve,
389 622 447 652 per
472 623 563 654 quam
590 614 751 647 exaudivit
930 617 980 649 Tu
1006 616 1149 648 caelestis
1174 616 1238 647 olla
1262 616 1341 657 spei,

303 660 443 692 iacentes
468 660 526 693 sub
552 669 647 693 onere
976 666 1011 694 tu
1035 664 1155 695 munita
1180 663 1300 701 civitas,

257 707 357 747 Opem
381 707 470 740 Deus
495 709 686 750 porrigendo
931 710 982 742 Da
1004 711 1172 748 munimen,
1197 718 1238 741 ne
1261 717 1319 740 nos
1342 708 1408 740 ulla

305 755 453 786 salutaris
480 754 639 794 dexterae,
979 755 1153 790 confundat
1177 756 1365 790 adversitas,

258 801 368 834 Salvet
392 801 537 834 Christus
564 806 595 834 et
620 802 651 834 in
678 811 734 835 suo
1181 835 1187 838 ,
1278 832 1285 837 .
1345 833 1351 837 .

305 859 361 881 nos
386 852 542 881 sustentet
565 850 706 891 brachio,
851 834 906 866 10.
930 832 1035 873 Salve,
1062 841 1156 871 quam
1180 831 1370 863 inhab1tavit

979 881 1025 911 sol
1051 879 1172 911 aeterni
1196 878 1333 918 luminis,

931 926 1040 959 Firma
1063 927 1160 958 turris
1181 929 1212 957 et
1238 928 1343 957 erecta

979 975 1106 1006 nostrae
1130 972 1337 1011 fortitudinis,

257 897 319 929 Per
351 905 442 937 quem
466 898 575 936 lapsus
601 905 633 928 es
655 897 783 929 humani

305 943 391 975 facta
415 945 612 976 restauratio.

200 1021 230 1051 5.
259 1018 370 1060 Salve,
402 1028 461 1059 per
485 1027 576 1058 quam
604 1020 779 1058 miserator,
932 1021 1018 1052 Audi
1042 1029 1153 1059 preces
1180 1022 1211 1051 et
1234 1019 1365 1051 intende

305 1065 375 1098 fons
399 1066 646 1104 misericordiae,
977 1071 1051 1099 vota
1077 1067 1325 1106 deprecantium,

257 1113 393 1145 Nostrae
417 1113 502 1145 Deus
528 1113 682 1145 relevavit
932 1114 975 1146 Ut
999 1115 1032 1146 in
1057 1117 1149 1153 petra
1176 1113 1301 1145 Christo
1326 1122 1387 1152 per
1412 1114 1444 1143 te

302 1169 484 1200 pressuram
506 1160 654 1192 miseriae
979 1162 1021 1192 sit
1043 1161 1135 1192 nobis
1159 1159 1324 1201 refugium.

257 1207 377 1249 Nostri,
404 1210 515 1246 mater,
540 1208 690 1240 miserere

303 1255 381 1286 dans
406 1254 438 1286 in
463 1254 519 1286 illo
545 1254 705 1295 gaudium,

257 1301 316 1334 Cui
340 1303 449 1342 places
474 1303 507 1334 in
532 1305 670 1334 aeterno.

301 1349 418 1381 lumine
443 1350 625 1382 viventium.

854 1237 907 1270 ll.
932 1237 1036 1279 Salve,
1062 1245 1121 1276 per
1145 1245 1238 1275 quam
1255 1236 1345 1268 nobis
1363 1238 1456 1276 pater

978 1284 1101 1316 locutus
1126 1285 1159 1316 in
1183 1282 1249 1315 filio

932 1331 1101 1371 Duplicato
1126 1339 1183 1362 nos
1209 1340 1228 1362 a
1252 1333 1353 1362 morte

978 1379 1082 1411 saivet
1104 1377 1269 1418 beneficio,

197 1427 229 1458 6.
259 1425 363 1466 Salve,
387 1434 446 1464 per
462 1434 554 1465 quam
571 1427 681 1457 auctor
698 1425 782 1457 vitae
930 1427 968 1458 In
995 1434 1054 1466 quo
1079 1425 1171 1457 simul
1197 1428 1270 1456 sunt
1293 1426 1433 1464 potestas

305 1481 471 1512 resurgens
493 1472 631 1504 diluculo
978 1476 1010 1504 et
1029 1473 1260 1512 misericordia,

259 1519 435 1553 Gloriosam
462 1519 647 1559 resurgendi
931 1520 1104 1553 Miserator
1125 1520 1204 1552 assit
1227 1521 1338 1560 potens

304 1575 392 1606 spem
417 1566 538 1598 refudit
561 1566 697 1608 saeculo,
979 1569 1105 1599 salvans
1130 1577 1149 1599 a
1172 1567 1309 1600 miseria.

256 1613 309 1647 SIC
334 1616 480 1646 emlttens
505 1616 670 1645 vamtatem
851 1643 906 1676 12.
932 1642 1035 1683 Salve,
1064 1643 1103 1674 de
1128 1651 1188 1683 qua
1212 1643 1267 1675 lux
1293 1645 1341 1673 est
1365 1644 1435 1675 orta

978 1690 1127 1730 perennis
1152 1689 1303 1727 laetitiae,

932 1738 1096 1771 Excitavit
1118 1746 1173 1769 nos
1199 1747 1218 1769 a
1242 1745 1349 1769 somno

981 1785 1086 1817 letalis
1112 1784 1261 1823 desidiae,

306 1664 338 1692 et
362 1661 622 1700 misericordiam,

255 1708 382 1741 Mentes
406 1711 508 1740 morte
532 1709 596 1740 iam
620 1709 740 1749 sopitas

304 1756 460 1788 suscitans
486 1756 527 1788 ad
551 1756 686 1790 veniam,

199 1834 231 1866 7.
258 1832 362 1874 Salve,
390 1832 489 1872 virgo,
518 1832 557 1863 de
582 1840 642 1872 qua
666 1835 758 1864 natus
932 1833 996 1866 Per
1020 1835 1052 1864 te
1073 1832 1163 1863 nobis
1188 1832 1253 1865 sint
1276 1832 1318 1863 ad
1341 1832 1445 1863 Deum

303 1880 404 1911 iustus
427 1879 525 1912 iudex
551 1879 687 1911 omnium
977 1882 1126 1920 perpetes
1151 1879 1288 1919 vigiliae,

253 1928 358 1961 Vocat
381 1936 454 1959 suos
477 1929 508 1959 et
531 1927 648 1959 invitat
932 1926 980 1959 Ut
1001 1927 1151 1959 assistant
1176 1927 1218 1958 ad
1242 1927 1376 1959 tutelam

301 1975 419 2007 iustum
444 1975 486 2007 ad
510 1974 674 2014 iudicium,
980 1975 1132 2007 caelestes
1159 1975 1321 2007 excubiae.

256 2023 669 2110 εῦξᾶἕὲἓὸζὲᾱὲῐζᾞίῃῖἓῗ
695 2030 769 2062 rege
854 2052 909 2084 13.
935 2050 1039 2092 Salve,
1066 2059 1124 2090 per
1141 2060 1233 2091 quam
1251 2051 1382 2083 verbum
1397 2050 1460 2083 Dei

253 2118 299 2153 Ut
324 2119 460 2151 donetur
483 2118 517 2149 in
543 2116 649 2149 futuro
981 2108 1016 2130 se
1041 2097 1239 2131 conformans
1264 2099 1382 2131 homini

301 2174 422 2198 merces
449 2165 516 2198 veri
539 2164 677 2196 luminis.
934 2146 998 2178 ΞΜ
1019 2155 1140 2179 summe
1163 2147 1320 2179 GoaYtaVst

981 2193 1123 2226 membra
1149 2194 1340 2235 celsitudini,

196 2245 228 2277 8.
255 2244 358 2282 Salve,
385 2245 490 2274 mater
514 2250 573 2282 per
596 2250 689 2281 quam
714 2241 767 2281 pie
933 2241 1015 2274 Dum
1031 2242 1206 2274 ascendens
1230 2243 1271 2274 ad
1291 2251 1345 2274 cor
1361 2241 1459 2274 altum

305 2291 449 2325 Christus
474 2298 531 2322 nos
557 2288 682 2330 eripuit,
982 2290 1096 2322 secreti
1121 2289 1244 2322 consilii

255 2339 331 2372 Cum
353 2348 387 2371 se
412 2337 528 2370 fortem
553 2336 753 2369 defensorem
933 2336 1083 2369 Nostram
1116 2337 1148 2369 in
1173 2346 1208 2368 se
1232 2336 1306 2369 tulit
1327 2339 1459 2370 mortem

300 2395 360 2426 pro
385 2385 476 2419 nobis
501 2384 657 2428 opposuit,
982 2385 1085 2425 gratia
1106 2385 1250 2417 remedii.
