1650 2612
712 99 964 135 —186—

196 195 240 230 19,
262 194 278 224 1
297 197 390 232 virgo,
409 196 495 231 virga
511 195 587 222 lenis
606 194 641 221 A.
666 209 703 213 —
729 192 775 227 20,
795 191 813 221 2
833 193 877 221 Ad
895 197 933 227 te,
954 196 1047 231 virge,
1065 194 1178 222 vultum
1196 194 1261 222 UV.
1280 208 1318 213 —
1336 190 1383 225 20,
1402 189 1419 219 3
1439 190 1482 218 Ut

194 242 240 261 me
260 242 371 269 semper
382 233 418 265 A,
437 233 479 261 Ut
497 236 529 260 tu
548 240 594 260 me
614 232 771 259 consoleris
791 231 855 258 UV.
874 246 912 250 —
931 230 975 265 21,
992 232 1006 258 1
1026 231 1090 258 laus
1110 233 1252 259 iustorum
1264 231 1328 258 UV.
1347 244 1385 249 —
1404 225 1481 271 21,2

195 272 276 305 Quae
295 279 425 298 convexa
442 271 506 298 UV.
526 285 563 289 —-
583 267 627 302 21,
650 266 668 296 3
687 269 780 296 Plena
797 268 912 303 hymnis
932 270 1061 296 introisti
1082 268 1145 296 UV.
1165 283 1203 288 —
1222 267 1266 301 21,
1280 267 1300 295 4
1319 267 1478 295 consedisti

195 308 228 336 C.
248 324 277 328 —
305 307 349 342 22,
369 307 388 335 4
408 310 522 344 sceptra
539 307 594 335 ΒΖ.
615 322 652 326 -
671 306 728 333 Str.
749 305 785 334 23
805 306 898 333 lautet
915 308 947 333 in
966 307 1015 334 AC
1034 306 1093 332 und
1113 305 1204 334 SUV:

202 365 265 392 AC:
286 365 356 398 Ave,
377 365 458 400 virgo
478 365 638 396 benedicta,
865 361 955 390 SUV:
975 363 1044 395 Ave,
1066 364 1148 389 euius
1169 371 1218 389 eor
1236 363 1377 388 invictum

285 403 360 430 Vero
381 402 442 429 sole
462 410 537 437 quae
556 402 669 434 amicta,
975 401 1039 428 Non
1063 400 1179 427 deflexit
1198 400 1235 426 ad
1254 399 1389 426 delictum

286 440 342 467 Per
360 442 390 466 te
409 448 507 466 sumus
528 447 546 466 a
564 439 676 474 peccati
976 439 1083 466 Rerum
1103 438 1154 464 ille
1172 440 1285 465 torrens
1304 445 1407 470 vanus,

286 478 393 505 Taetra
412 479 496 504 nocte
518 476 643 504 liberati.
977 476 1037 503 Ros
1058 475 1219 507 decurrens,
1240 474 1294 502 flos
1309 474 1481 502 mundanus.

193 541 237 577 23,
259 542 276 570 2
301 546 333 570 tu
360 543 466 570 amicta
486 542 516 570 C.
543 558 564 561 —
604 539 649 575 24,
669 539 687 567 2
706 542 847 568 Exaltata
865 541 930 568 UV.
955 556 992 560 -
1017 539 1062 574 24,
1083 539 1100 568 3
1121 541 1162 568 Et
1179 543 1211 568 in
1231 540 1319 568 caelis
1338 540 1424 568 UVZ.
1444 554 1482 559 -—

193 579 237 616 24,
259 579 279 608 4
296 581 346 608 Ius
366 588 509 615 usurpans
529 583 557 607 et
575 578 661 606 UVZ.
685 594 717 598 —
741 577 785 613 25,
806 575 824 605 3
846 580 994 614 spirituali
1013 578 1043 606 Z.
1064 593 1100 597 —-
1121 577 1166 612 26,
1186 578 1205 606 4
1224 579 1286 607 Nec
1305 579 1400 605 securi
1418 580 1481 606 vio-

193 619 254 645 lata
272 619 336 646 UV.
360 632 392 637 ·-
416 618 471 645 Str.
492 615 527 644 27
547 616 607 644 und
631 614 667 644 28
687 618 718 644 in
738 616 829 644 SUV:

225 672 270 701 27.
290 676 360 708 Ave,
381 675 459 707 vitis,
482 682 541 710 qua
559 673 696 709 prodivit,
914 671 959 701 28.
978 675 1049 706 Ave,
1071 675 1161 708 virgo,
1184 683 1236 701 nec
1255 681 1303 700 me
1321 676 1407 709 gente

288 713 405 739 Haustu
425 713 507 738 euius
527 712 612 739 horno
632 713 707 739 vivit
978 712 1124 738 Vitiorum
1144 712 1272 739 irruente

288 750 406 786 Absque
424 749 492 776 labe
510 751 675 783 senectutis,
979 749 1104 776 Patiaris
1126 750 1293 785 expugnari,

289 788 397 814 Vinum
416 788 502 821 vitae,
523 787 586 815 fons
607 787 719 814 salutis.
980 788 1061 814 Doce
1080 786 1163 813 docte
1182 786 1328 822 proeliari.

195 842 242 877 29,
261 842 278 871 ’ὀ
305 844 406 871 evictis
426 844 511 871 UVZ.
538 858 541 859 ν
600 841 646 878 29,
665 842 685 871 4
703 844 759 871 Per
778 847 807 871 te
827 852 943 879 surgam
962 844 998 871 <le
1016 843 1080 871 UV.
1101 857 1138 861 —
1157 841 1203 877 30,
1223 842 1241 870 2
1261 843 1481 878 comprehensus

195 881 230 908 A.
257 896 292 900 —
318 879 362 915 30,
382 879 401 907 4
420 881 479 908 Aut
497 882 604 909 iniuste
623 881 653 907 Z.
696 896 711 900 -
730 879 775 915 31,
796 879 813 908 2
833 883 880 908 cui
898 882 932 909 A.
955 895 989 900 —
1011 879 1054 914 31,
1074 879 1094 907 4
1115 881 1198 914 Quod
1217 880 1353 914 illustrat,
1373 880 1482 916 implet,

198 920 275 955 regit
292 920 327 946 A.
346 932 383 937 ——
402 917 459 945 Str.
479 916 514 946 31
534 919 628 946 lautet
645 920 676 946 in
697 919 787 947 SUV:

522 973 567 1002 31.
586 975 656 1009 Ave,
678 977 760 1012 virgo
781 978 933 1003 mansueta
951 975 1035 1010 (lenis
1054 977 1132 1002 meta
1150 974 1223 1008 UV),

588 1013 634 1039 Tu
652 1014 684 1039 in
703 1012 774 1040 Sion
792 1013 863 1040 urbe
882 1013 959 1040 laeta

585 1050 658 1077 Iube
677 1051 768 1078 civem
786 1059 834 1078 me
853 1051 969 1085 ascribi,

588 1086 631 1114 Ut
649 1090 678 1115 te
698 1097 810 1124 semper
830 1088 945 1115 laudem
964 1089 1016 1115 ibi.

198 1142 254 1170 Str.
276 1142 311 1170 32
331 1145 423 1172 lautet
442 1145 474 1171 in
493 1144 534 1171 A:

526 1199 571 1228 32.
593 1200 700 1234 Gaude,
720 1203 811 1238 virgo,
831 1202 895 1228 fons
916 1202 951 1228 de
971 1201 1053 1234 colle,

590 1238 682 1274 Imple
701 1247 804 1266 manus
824 1241 853 1265 et
873 1240 986 1272 extolle,

591 1275 667 1303 Offer
686 1276 748 1304 Deo
769 1284 885 1313 precum
904 1280 970 1304 tura

591 1313 683 1340 Nobis
705 1323 769 1341 eum
788 1313 944 1349 placatura.

200 1365 245 1401 34,
269 1366 283 1394 1
303 1368 410 1396 munda
428 1371 491 1396 tota
509 1369 571 1397 UV.
593 1384 629 1388 —
650 1369 704 1396 Str.
726 1368 762 1397 36
782 1371 875 1397 lautet
893 1372 924 1397 in
943 1371 968 1398 B
987 1370 1047 1398 und
1067 1370 1157 1399 SUV:

238 1425 276 1451 B:
297 1425 365 1459 Ave,
386 1426 477 1460 virgo,
497 1434 549 1453 vas
573 1428 715 1459 ornatum,
872 1426 962 1455 SUV:
984 1428 1054 1460 Ave,
1074 1429 1166 1464 virgo,
1187 1436 1262 1464 quae
1277 1428 1407 1456 lamenta

294 1462 377 1495 Veta,
398 1471 513 1498 quaeso,
534 1473 571 1491 ne
591 1466 739 1498 peccatum
983 1465 1142 1499 Babylonis
1164 1466 1200 1493 ad
1219 1467 1328 1493 fluenta

294 1501 399 1528 Verbis
418 1509 518 1536 parem
537 1509 682 1535 excusare,
983 1502 1092 1530 Sedens
1112 1504 1183 1531 olim
1204 1505 1366 1538 exercebas,

295 1538 376 1566 Doce
396 1538 526 1574 linguam
546 1538 679 1567 iubilare.
983 1541 1113 1575 Praesta,
1125 1541 1270 1578 plangam,
1281 1542 1488 1577 utplangebas.

201 1593 256 1620 Str.
277 1591 313 1621 37
332 1595 378 1622 bis
398 1592 435 1621 40
455 1594 680 1623 einschliesslich
698 1596 798 1623 lauten
817 1596 849 1622 in
868 1597 909 1623 A:

230 1647 276 1677 37.
296 1650 404 1684 Gaude,
426 1651 511 1678 stella
530 1652 709 1688 principalis,
923 1651 967 1681 39.
989 1654 1098 1688 Gaude,
1117 1655 1211 1690 virgo,
1229 1655 1287 1683 dux
1307 1656 1424 1689 erranti,

297 1689 408 1722 Confer,
428 1690 511 1724 virgo
531 1689 672 1723 liberalis,
987 1693 1213 1720 Firmamentum
1232 1694 1395 1727 vacillanti,

295 1727 411 1754 Morum
429 1727 514 1754 nobis
539 1730 708 1755 ornamenta
987 1731 1033 1758 Tu
1052 1739 1105 1757 nos
1126 1739 1201 1767 rege,
1222 1734 1251 1759 te
1273 1740 1417 1767 rogamus,

296 1764 337 1791 Et
354 1765 494 1791 virtutum
513 1766 697 1793 incrementa.
989 1769 1050 1796 Nos
1071 1771 1210 1805 sustenta,
1232 1778 1270 1797 ne
1291 1769 1436 1797 cadamus.

232 1817 279 1847 38.
298 1821 406 1853 Gaude,
426 1822 519 1857 virgo,
539 1824 624 1857 porta
642 1822 725 1857 lucis,
924 1823 970 1852 40.
991 1824 1101 1858 Gaude,
1121 1827 1214 1862 virgo,
1237 1828 1273 1861 et,
1295 1826 1372 1861 quod
1391 1829 1467 1863 peto,

297 1858 410 1894 Sponsa
429 1867 505 1886 nova
525 1860 595 1887 novi
615 1859 704 1894 ducis,
989 1862 1065 1890 Mihi
1085 1864 1182 1891 confer
1200 1864 1284 1892 vultu
1302 1864 1389 1898 laeto,

298 1896 333 1923 In
353 1904 411 1933 qua
429 1896 503 1923 nihil
525 1897 732 1934 imperfectum,
990 1900 1090 1928 Fidem
1111 1904 1228 1936 rectam,
1249 1902 1357 1929 bonum
1375 1902 1470 1935 finem,

300 1934 352 1961 Nil
371 1933 505 1968 deforme,
525 1935 569 1961 nil
587 1935 760 1971 neglectum.
989 1939 1033 1966 Ut
1052 1938 1089 1965 ad
1107 1940 1188 1967 mala
1205 1948 1266 1967 non
1284 1939 1436 1967 declinem.

205 1987 240 2017 37
260 1991 292 2017 in
313 1989 335 2017 C
354 1991 409 2017 wie
429 1991 461 2017 in
479 1991 515 2024 A,
534 2000 589 2018 nur
610 1989 628 2017 2
649 1992 761 2028 Confer,
781 1996 864 2030 virgo
884 1996 1048 2031 virginalis.
1067 2010 1105 2015 —
1125 1995 1181 2023 Str.
1201 1994 1390 2024 381autetin
1404 1997 1496 2026 SUV:

653 2049 723 2084 Ave,
745 2051 803 2078 dux
822 2052 1008 2088 integritatis,

651 2086 707 2114 Per
726 2091 756 2116 te
773 2092 890 2117 nostrae
910 2090 1058 2118 caecitatis

654 2125 721 2152 Nox
739 2129 773 2153 ut
792 2127 853 2154 dies
873 2131 1030 2162 serenetur,

654 2162 767 2191 Malum
788 2173 871 2192 omne
889 2166 1082 2202 propulsetur.

208 2214 252 2250 41,
276 2214 291 2243 1
312 2217 394 2253 virgo
420 2216 471 2243 lux
496 2221 562 2253 post
587 2217 697 2246 luctum
717 2220 747 2248 C.
773 2236 809 2240 —
833 2220 879 2255 41,
900 2220 917 2249 2
936 2223 1015 2258 Iube,
1042 2224 1142 2255 mater,
1166 2222 1235 2250 hinc
1254 2222 1388 2252 eductum
1408 2225 1439 2254 C.
1460 2240 1498 2246 *-

207 2253 254 2288 41,
274 2253 294 2281 4
313 2254 458 2285 Christum
478 2255 512 2282 A.
538 2270 575 2275 ——
600 2254 646 2290 42,
668 2255 685 2283 2
712 2258 774 2286 Iam
801 2268 904 2287 occure
927 2259 1064 2295 (accurre)
1083 2261 1160 2287 sicut
1177 2261 1254 2289 soles
1273 2261 1338 2290 UV.
1357 2278 1394 2283 —-
1413 2262 1462 2299 42,
1480 2261 1498 2291 3

207 2293 323 2321 Pietate
342 2295 371 2320 te
390 2292 502 2320 decenti
515 2293 580 2321 UV.
598 2308 637 2312 —
654 2293 700 2329 42,
714 2294 734 2323 4
747 2297 793 2324 Ad
812 2299 841 2324 te
860 2299 933 2325 mihi
946 2299 1068 2335 fugienti
1084 2298 1148 2325 UV.
1168 2313 1206 2317 —
1223 2297 1269 2333 44,
1286 2298 1301 2326 1
1314 2301 1384 2335 Ave,
1405 2304 1498 2340 vix-30,

209 2339 284 2366 quae
302 2331 419 2358 lactasti
438 2331 468 2357 Ζ.
495 2347 532 2351 -—-
562 2330 607 2367 45,
629 2331 643 2359 1
664 2333 777 2362 botrum
797 2342 883 2363 verae
901 2338 970 2364 vitis
991 2337 1023 2364 C.
1051 2349 1090 2354 —
1113 2333 1159 2369 45,
1179 2333 1198 2364 3
1217 2337 1277 2364 und
1296 2336 1316 2365 4
1332 2340 1501 2376 umgestellt

209 2368 241 2396 G.
266 2383 303 2387 —-
331 2367 377 2404 46,
399 2366 415 2395 1
436 2369 497 2396 Ave
521 2369 593 2397 felix
615 2371 648 2397 111
667 2372 803 2400 ABU'VZ.
828 2388 866 2392 —
890 2373 937 2410 46,
958 2372 976 2402 3
996 2374 1154 2402 Christiani
1178 2375 1258 2403 orbis
1286 2385 1358 2404 vera
1374 2378 1441 2407 UV.
1462 2393 1501 2399 —-
