1650 2612
181 193 234 225 19.

178 510 233 542 20.

179 827 233 860 21.

180 1144 234 1177 22.

182 1462 236 1495 23.

184 1781 237 1814 24.

184 2108 239 2141 25.

697 95 928 131 -58-

261 193 339 231 Ave,
364 192 447 233 Iesu⁷
473 192 558 224 cuius
583 191 651 222 noti

260 241 289 270 A
315 242 347 270 te
371 247 489 270 mecum
512 240 585 269 sunt
608 236 718 268 remoti

308 286 412 324 Prope
435 285 544 317 mortis
570 284 745 322 terminum,

260 333 333 364 Illic
355 335 486 363 matrem
512 329 735 362 commendasti

261 379 437 418 Discipulo,
464 385 553 417 quem
580 377 692 407 amasti

307 425 409 464 Supra
433 427 523 455 natos
548 423 717 455 hominum.

258 510 338 547 Ave,
362 508 434 540 1esu
458 507 616 547 specialis,

260 555 327 587 Deo
351 554 436 596 patri
462 554 638 593 coaequalis

304 602 348 633 Et
371 603 478 633 sancto
503 601 638 642 spiritui,

259 649 305 680 Te
329 648 455 688 peperit
479 649 566 688 virgo
591 649 701 687 mater,

259 695 332 726 Tibi
359 695 442 727 dixit
465 695 551 726 Deus
575 697 683 733 pater:

305 741 412 774 Hodie
435 744 468 772 te
491 741 593 782 genui.

259 827 338 865 Ave,
365 826 445 866 Iesu,
470 824 528 857 flos
553 825 593 856 de
617 825 716 866 spina,

261 873 367 912 Stirpe
390 876 482 903 natus
508 881 545 904 ex
571 872 692 911 canina,

307 920 495 952 Iudaeorum
521 919 645 961 populo,

259 967 318 1006 Qui
342 968 507 998 venturum
532 967 564 996 te
588 966 753 1003 noverunt,

259 1015 460 1045 Iucarnatum
487 1014 742 1050 contempserunt

306 1060 462 1092 Locantes
485 1060 518 1091 in
542 1059 671 1091 tumulo.

259 1144 340 1185 Ave,
367 1143 450 1182 lapsi
473 1144 647 1182 reparator,

263 1191 458 1221 Arcanorum
482 1191 650 1228 reserator,

312 1236 461 1276 Cognitor
486 1235 617 1275 consilii,

261 1283 324 1314 Hic
351 1283 488 1321 scapulis
513 1290 569 1314 nos
594 1281 756 1319 adumbra,

262 1329 415 1369 Deposita
439 1330 542 1360 carnis
565 1328 677 1360 umbra

310 1378 357 1409 Te
382 1376 438 1407 das
462 1376 495 1407 in
519 1376 568 1406 ius
592 1374 734 1414 praemii.

262 1461 341 1499 Ave,
368 1459 449 1500 Iesu,
475 1460 528 1499 qui
551 1460 689 1491 sanctior

263 1507 413 1539 Omnibus
439 1509 470 1537 et
493 1506 640 1537 humilior

306 1554 345 1586 In
369 1556 478 1585 nostra
500 1552 683 1595 substantia,

262 1600 300 1632 In
324 1601 469 1632 arborem
494 1600 672 1638 ascendisti,

263 1648 414 1679 Fructum
440 1647 505 1677 eius
529 1646 692 1686 collegisti,

310 1694 361 1725 De
384 1702 443 1733 quo
468 1696 575 1725 manat
598 1694 699 1725 venia.

263 1781 343 1819 Ave,
369 1780 451 1818 Iesu,
477 1788 534 1811 rex
560 1780 683 1822 decore,

263 1828 321 1867 Qui
344 1830 469 1858 tuorum
495 1835 533 1859 ex
557 1835 671 1869 amore,

312 1873 503 1906 Subintrasti
527 1873 689 1913 virginem,

267 1920 368 1952 Carne
391 1922 493 1952 tectus
522 1929 583 1960 qua
606 1920 751 1959 prodisti,

263 1967 310 1999 Ut
335 1967 492 2006 dilectum,
518 1975 608 2006 quem
634 1965 749 2004 fecisti,

310 2012 481 2051 Reciperes
503 2013 671 2046 hominem.

264 2107 343 2147 Ave,
368 2105 451 2145 1esu,
478 2107 530 2146 qui
556 2106 596 2136 de
621 2107 707 2137 caelo

265 2153 468 2185 Descendisti
493 2153 596 2184 carnis
621 2153 690 2184 velo

312 2199 487 2232 Trabeatus
510 2208 660 2239 paupere,

267 2247 458 2289 Creaturam‚
487 2255 578 2286 quam
602 2245 754 2288 formasti,

264 2295 388 2326 Pietate
410 2294 547 2325 visitasti

313 2342 482 2374 sedentem
504 2341 538 2372 in
561 2340 703 2380 pulvere.

851 192 907 223 26.
933 191 1013 230 Ave,
1038 191 1122 232 Iesu,
1148 191 1197 221 leo
1223 187 1326 229 fortis,

850 507 905 539 2¹7.

851 827 904 858 28.

851 1144 907 1175 29.

853 1461 907 1494 30.

854 1781 908 1813 31.

855 2108 908 2139 32.

934 237 993 276 Qui
1019 236 1179 269 destructa
1200 236 1270 274 lege
1292 234 1404 266 mort-is

980 283 1066 315 Caeli
1089 286 1198 322 portas
1223 282 1339 321 aperis,

930 329 979 360 Tu
1003 329 1151 362 virtutem
1175 328 1362 368 potentium,

931 377 1047 408 Fastus
1071 374 1316 414 superbientium

979 422 1123 460 Dissipas
1149 425 1180 452 et
1206 421 1354 453 conteris.

931 507 1011 547 Ave,
1037 506 1118 546 Iesu,
1145 514 1203 538 rex
1228 506 1339 545 Israel,

932 554 990 592 Qui
1014 552 1133 585 Tobiae
1157 561 1217 593 per
1238 552 1382 591 Raphael

977 600 1142 632 Illuminas
1167 600 1284 639 oculos,

931 648 993 679 Per
1016 650 1048 678 te
1071 647 1173 686 ipsum
1201 646 1403 685 descendisti,

932 694 1076 726 Pretiosa
1098 693 1264 725 redemisti

981 740 1130 772 Passione
1151 741 1296 780 populos.

930 826 1009 864 Ave,
1036 825 1118 867 Iesu,
1145 826 1198 865 qui
1224 832 1399 856 commoves

931 872 1073 911 Terram,
1101 880 1168 903 cum
1195 871 1252 911 vis,
1280 874 1312 902 et
1330 879 1458 903 amoves

981 919 1142 958 Principes
1170 919 1210 950 de
1234 918 1323 958 solio,

931 965 998 997 Nos
1022 974 1080 1005 pro
1105 966 1179 997 vino
1204 965 1366 997 vinearum

931 1012 1037 1043 Imbre
1061 1012 1130 1051 riga
1153 1012 1365 1051 lacrimarum,

979 1059 1023 1091 Ut
1044 1067 1214 1098 purgemur
1237 1059 1334 1091 vitiis.

934 1145 1011 1182 Ave,
1038 1142 1118 1184 Iesu,
1146 1150 1236 1182 quem
1261 1143 1409 1182 reclamo,

933 1189 976 1221 Ut
999 1189 1117 1220 liberes
1140 1198 1201 1229 me,
1225 1198 1268 1220 ne
1289 1189 1383 1220 hamo

980 1236 1095 1275 Capiar
1118 1236 1308 1278 venantium,

932 1282 979 1313 Tu
1004 1284 1164 1322 pharetra,
1190 1286 1225 1314 tu
1250 1283 1381 1322 clipeuS,

932 1329 980 1360 Tu
1004 1329 1127 1369 gladius
1152 1332 1328 1369 argenteus,

980 1376 1091 1407 Turris
1115 1379 1148 1407 te
1170 1377 1356 1409 timentium.

933 1461 1012 1503 Ave,
1039 1460 1120 1500 Iesu,
1147 1461 1197 1491 cui
1221 1460 1378 1499 subditur,

933 1507 1092 1547 Quidquid
1119 1506 1181 1538 fine
1206 1508 1405 1539 concluditur

981 1554 1107 1585 Viventi
1129 1554 1321 1596 perenniter,

933 1600 1008 1632 Mea
1033 1601 1125 1632 nimis
1149 1600 1328 1632 infirmatur

933 1647 1035 1689 Mens,
1061 1656 1134 1678 nam
1159 1657 1178 1679 a
1201 1650 1233 1678 te
1257 1650 1423 1687 separatur

979 1693 1201 1733 Delinquendo
1224 1694 1350 1734 iugiter.

935 1779 1014 1819 Ave,
1039 1778 1120 1821 Iesu,
1148 1787 1240 1819 quem
1261 1780 1344 1820 sitio,

934 1827 1019 1858 Iram
1045 1825 1128 1863 pelle
1153 1834 1222 1857 cum
1244 1826 1356 1866 iurgio,

983 1872 1101 1903 Nostra
1124 1881 1216 1905 serva
1241 1881 1386 1913 corpora,

935 1918 1111 1951 Dulcedine
1135 1919 1289 1951 castitatis

936 1966 980 1997 Et
1004 1964 1163 1997 fraternae
1189 1967 1330 1999 caritatis

981 2012 1101 2044 Nostra
1122 2014 1213 2053 reple
1235 2018 1375 2053 pectora.

935 2107 1016 2146 Ave,
1042 2105 1124 2148 Iesu,
1150 2116 1190 2138 ne
1213 2109 1337 2140 terrore

936 2153 1126 2184 Terreamur
1149 2155 1200 2185 vel
1225 2154 1328 2187 livore

984 2199 1178 2232 Subruamur
1201 2200 1372 2245 hominum,

936 2246 1002 2277 Nos
1027 2247 1149 2278 custodi
1174 2249 1333 2280 venatoris

937 2293 966 2324 A
991 2293 1107 2333 sagitta
1131 2294 1320 2336 deceptoris,

984 2340 1109 2379 Rumpe
1131 2350 1232 2373 nexus
1258 2343 1432 2377 criminum.
