1650 2612
226 217 281 249 20.
308 217 388 257 Ave,
415 219 500 251 salus
525 221 696 262 hominum,

223 622 278 654 21.

222 1029 276 1059 22.

214 1434 269 1465 23.

211 1842 266 1873 24.

211 2252 265 2283 25.

357 265 451 305 digna
475 268 618 309 salutari,

308 311 454 345 Salutare
477 316 616 356 pariens,

357 360 426 392 sola
451 370 561 394 carens
586 363 667 403 pari,

309 405 429 439 Nostra
453 417 526 448 spes
552 413 584 441 et
607 410 708 451 gloria

353 454 395 485 sit
417 455 449 486 in
475 457 618 498 salutari,

307 499 402 532 Cuius
427 504 597 543 participio

353 549 509 581 credimus
534 551 632 584 beari,

304 623 385 664 Ave,
412 625 499 656 cuius
523 628 631 658 uterus

354 679 492 703 vermem
517 673 705 715 procreavit,

306 718 365 756 Qui
388 719 595 751 submorderis
621 720 769 751 hederam

376 766 471 797 Ionae
498 766 677 803 desiccavit,

304 811 398 853 Dum,
423 814 507 852 quod
532 814 611 853 legis
632 813 740 845 littera

352 860 492 892 clausum
517 860 682 901 reseravit,

303 905 339 937 In
366 910 510 945 apertum
536 907 702 947 proferens

351 954 442 985 nobis
467 955 657 994 propalavit.

302 1029 383 1070 Ave,
409 1030 496 1062 Iesse
521 1030 651 1072 virgula,

350 1077 521 1115 gratiarum
547 1078 637 1111 donis

301 1122 512 1155 Abundanter
536 1124 693 1164 praedita,

349 1172 383 1200 tu
409 1171 617 1210 correptionis

303 1217 397 1256 Virga
421 1218 464 1248 sis
491 1222 522 1248 et
547 1218 677 1250 baculus

346 1264 579 1307 consolationis,

297 1311 364 1350 Quo
389 1320 446 1342 nos
473 1311 616 1343 Christus
641 1313 766 1350 pascuis

344 1359 476 1390 collocet
500 1359 533 1390 in
558 1359 659 1391 bonis.

297 1435 376 1473 Ave,
402 1437 489 1465 terra
513 1435 642 1474 gloriae,

344 1484 431 1512 terra
455 1490 516 1512 non
542 1485 641 1518 arata,

294 1527 378 1559 Rore
402 1533 505 1560 tamen
530 1530 652 1568 gratiae

344 1575 436 1613 plene
462 1574 642 1611 fecundata,

295 1621 447 1653 Fructum
474 1621 590 1662 ferens,
616 1622 702 1654 cuius
727 1626 776 1654 est

343 1672 436 1709 gustu
461 1674 604 1701 recreata

297 1716 405 1748 Proles
430 1717 524 1748 Adae
547 1721 662 1748 veterls

343 1764 397 1795 diu
424 1765 592 1805 captivata.

294 1843 373 1880 Ave,
401 1840 488 1871 cuius
513 1840 644 1880 gloriam

341 1887 437 1919 beant
462 1888 611 1928 universi,

292 1936 354 1968 Per
379 1944 471 1974 quam
495 1944 617 1966 sursum
645 1936 778 1967 redeunt

338 1984 370 2014 in
397 1981 590 2022 profundum
617 1983 722 2022 mersi,

292 2031 354 2063 Per
378 2035 410 2061 te
435 2029 500 2069 fiat,
529 2031 665 2071 domina,

338 2087 380 2110 ne
409 2078 501 2109 simul
528 2078 672 2110 conversi

293 2126 440 2158 Redeant
464 2126 505 2157 ad
531 2126 681 2157 vomitum

342 2173 469 2205 sibimet
492 2174 631 2207 adversi.

290 2251 371 2290 Ave,
396 2254 508 2292 mater,
536 2248 646 2290 populi

337 2298 486 2337 prospice
514 2296 671 2329 defectum

288 2344 333 2376 Et
358 2348 537 2377 maternum
561 2344 637 2377 filiis

335 2393 487 2425 exhibens
512 2392 659 2426 affectum

828 128 893 163 155
945 148 988 153 -

983 224 1090 256 Mores
1114 225 1239 255 nostros
1264 222 1384 265 ordina,

1030 271 1143 303 tollens
1167 269 1397 310 imperfectum,

983 318 1028 350 Ut
1051 326 1107 358 pes
1132 320 1239 349 noster
1263 317 1394 349 tendere

1030 367 1159 405 quaerat
1183 365 1216 396 in
1242 365 1405 397 directum.

901 441 955 473 26.
981 441 1058 482 Ave,
1085 443 1186 471 mater
1210 439 1337 471 Domini

898 844 953 875 27.

894 1246 950 1279 28.

891 1653 945 1684 29.

890 2060 945 2092 30.

1028 496 1135 519 servos
1159 486 1364 529 protegentis,

983 534 1042 573 Qui
1068 537 1193 566 catenas
1218 534 1352 566 hostium

1028 580 1123 621 fregit
1145 582 1178 612 in
1203 581 1362 623 trecentis,

981 629 1112 667 Quaeso,
1138 637 1194 659 nos
1220 628 1355 667 aspicias

1028 675 1126 707 oculis
1151 675 1279 706 attentis

981 723 1094 753 Procul
1118 722 1240 761 pellens
1266 721 1412 753 tenebras

1027 777 1229 801 aerumnosae
1253 768 1377 800 mentis.

978 844 1057 884 Ave,
1083 843 1181 883 virgo,
1204 843 1329 875 Domini

1025 894 1126 922 mater
1149 890 1283 929 illibata,

981 937 1074 970 Cuius
1100 940 1147 968 est
1172 946 1210 969 ex
1235 941 1323 969 utero

1026 993 1097 1016 caro
1124 984 1240 1016 Christi
1265 987 1350 1023 nata,

979 1031 1058 1063 Caro
1084 1040 1208 1062 carnem
1233 1032 1383 1068 liberans,

1027 1087 1099 1110 caro
1124 1079 1218 1109 morti
1242 1079 1326 1117 data,

978 1125 1068 1167 Caro⁷
1094 1133 1174 1164 quae
1200 1124 1344 1156 refloruit

1025 1174 1126 1204 morte
1150 1173 1355 1211 triumphata.

974 1246 1054 1289 Ave,
1081 1254 1138 1285 per
1164 1255 1257 1286 quam
1280 1245 1363 1278 filius

1022 1293 1138 1325 fratres
1163 1294 1337 1333 adoptavit,

975 1340 1058 1379 Quos
1084 1343 1115 1371 et
1139 1341 1200 1373 Dei
1224 1340 1305 1372 filios

1020 1391 1106 1419 recte
1130 1388 1312 1426 nominavit,

971 1434 1075 1466 Erant
1100 1443 1173 1474 ergo
1198 1434 1266 1477 filii,

1019 1491 1095 1522 quos
1120 1485 1206 1513 recte
1230 1483 1355 1514 vocavit

971 1529 1079 1569 Agnos
1104 1529 1312 1570 innocentiae,

1021 1576 1133 1617 ferant,
1160 1578 1243 1616 quod
1269 1578 1440 1611 mandavit.

972 1653 1052 1694 Ave,
1074 1652 1312 1684 tabernaculum

1020 1700 1144 1733 Christo
1172 1700 1361 1742 dedicatum,

973 1746 1076 1786 Supra
1097 1750 1213 1778 matres
1238 1748 1361 1779 obtines

1018 1795 1087 1826 sola
1108 1795 1331 1833 principatum,

973 1841 1100 1873 Nostris
1126 1845 1237 1881 aptans
1263 1842 1371 1874 usibus

1017 1897 1142 1920 saccum
1167 1892 1352 1930 veteratum,

971 1936 1106 1976 Propter
1130 1940 1239 1968 nostra
1263 1938 1394 1970 vulnera

1017 1984 1115 2024 gratis
1141 1984 1348 2019 vulneratum.

971 2062 1048 2102 Ave,
1076 2064 1217 2092 nostrum
1242 2061 1401 2102 gaudium,

1016 2113 1125 2140 nostra
1149 2107 1315 2151 fortitudo,

970 2155 1065 2187 Cuius
1089 2158 1138 2187 est
1161 2156 1335 2188 dulcedinis

1014 2212 1128 2245 magna
1152 2204 1332 2244 multitudo,

968 2252 1006 2283 Iu
1031 2254 1063 2283 te
1086 2254 1196 2283 nostra
1220 2252 1282 2283 sita
1307 2252 1349 2284 sit

1015 2300 1084 2339 spei
1109 2299 1275 2339 certitudo,

969 2346 1063 2379 Cuius
1087 2346 1149 2386 piis
1174 2347 1322 2379 laudibus

1013 2395 1114 2427 libere
1139 2395 1268 2431 desudo,
