1650 2612
189 236 196 242 .
220 209 305 251 15511,
330 211 385 250 qui
410 211 483 242 dum
508 213 622 252 Ziphei

269 256 310 288 ad
336 257 411 289 Saul
436 258 557 290 vadunt
580 267 686 300 regem

220 302 434 344 Volentesque
458 306 588 337 tradere

264 349 372 384 David
398 353 430 382 et
455 352 521 384 eius
546 361 681 393 gregem,

219 396 285 428 Eos
310 398 426 441 salvas,
452 408 649 442 quaesumus,

269 447 380 476 contra
404 449 603 479 accusatores

217 490 364 523 Defende
388 501 445 524 nos
471 502 509 525 ac
532 494 684 533 pessimos

266 547 406 579 quosque
430 540 598 573 delatores.

185 637 192 645 .
218 613 301 654 Iesu,
329 615 416 646 cuius
441 615 544 655 gratia

266 660 373 693 David
398 664 448 693 est
470 663 620 701 salvatus,

221 706 304 738 Dum
329 707 411 748 fugit
435 718 455 740 a
479 708 576 747 Ceyla

268 763 288 785 a
312 754 387 786 Saul
412 755 576 795 liberatus,

220 801 306 832 Audi
330 810 442 841 preces
468 802 657 844 supplicum,

267 848 320 887 qui
344 851 376 879 te
399 849 453 888 pie
479 852 633 888 quaerunt

220 895 256 926 ln
283 895 551 935 tribulationibus,

264 942 318 981 qui
342 951 377 973 se
399 943 597 974 invenerunt.

187 1040 194 1047 .
219 1016 303 1055 Iesu,
328 1016 436 1048 David
461 1017 619 1048 redimens

265 1063 306 1094 ad
333 1072 437 1103 regem
463 1064 562 1095 Achis
590 1065 727 1103 ductum,

219 1109 304 1140 Dum
328 1113 378 1141 est
400 1111 434 1141 in
457 1111 612 1150 periculo,

267 1155 440 1188 auferendo
465 1158 594 1197 luctum,

219 1202 361 1235 Timidos
385 1213 443 1235 nos
468 1204 577 1243 aspice

265 1251 365 1281 oculis
391 1251 531 1290 attentis,

218 1296 333 1328 Procul
358 1298 443 1336 pelle
466 1297 614 1329 tenebras

259 1344 431 1376 timorosae
455 1345 581 1377 mentiS.

181 1443 188 1451 .
214 1419 298 1458 15511,
325 1420 388 1459 qui,
416 1420 491 1451 dum
512 1420 695 1459 speluncam

264 1467 306 1498 ad
332 1467 529 1506 purgandum
556 1470 697 1498 ventrem

218 1513 292 1544 Saul
317 1514 427 1553 intrat,
457 1514 598 1546 custodis

260 1560 367 1592 David
391 1561 601 1601 innocentem,

217 1606 382 1645 Quaelibet
406 1607 572 1646 temptatio

262 1654 414 1686 abscedat
439 1655 528 1685 velut
552 1652 666 1693 fumus,

214 1701 251 1732 111
276 1701 387 1732 mortis
416 1701 488 1733 dum
513 1701 656 1740 periculo

265 1748 429 1780 constituti
455 1757 570 1781 sumuS.

185 1849 192 1856 .
218 1824 302 1863 Iesu,
329 1825 383 1864 qui
407 1824 455 1856 sic
478 1823 606 1864 perficis

262 1871 370 1903 David
394 1876 533 1903 mentem
560 1874 688 1907 castam,

214 1919 381 1950 Inimicum
406 1919 544 1958 perdere

264 1974 334 1997 cum
359 1969 476 2007 posset,
502 1968 596 2005 parat
621 1965 755 2003 hastam,

215 2013 336 2045 Tamen
363 2016 395 2044 et
419 2022 519 2053 aquae
543 2012 697 2053 scyphum

263 2061 297 2092 in
323 2060 447 2101 signum
470 2061 562 2092 huius
587 2061 633 2091 rei

217 2107 339 2150 Servat,
366 2110 400 2139 tu
424 2117 475 2139 me
499 2108 635 2139 similem

263 2154 317 2187 fac
341 2155 489 2186 misertus
515 2155 587 2187 mei.

181 2256 187 2264 ,
215 2230 296 2274 Iesu,
326 2231 379 2271 (1111
404 2231 509 2263 salvas
533 2229 639 2262 David

262 2278 296 2309 in
323 2278 449 2310 domum
475 2277 648 2318 fugientem

214 2325 278 2357 Per
301 2325 423 2357 Michol
448 2334 507 2365 per
532 2324 703 2357 fenestram

261 2381 330 2403 eum
360 2374 579 2414 deponentem,

896 214 1014 246 Hostes
1038 215 1163 246 nostros
1188 216 1324 255 contere,

944 262 997 301 qui
1020 260 1111 292 nobis
1135 268 1249 291 nocere

900 308 1046 350 Cupiunt,
1074 309 1105 338 et
1129 307 1272 338 dabimus

969 357 1072 395 grates
1097 354 1157 386 tibi
1180 362 1263 386 vere.

866 429 896 460 9.
921 429 1003 467 15511,
1030 429 1082 469 qui
1104 428 1233 460 Israelis

968 484 1098 516 regnum
1122 476 1256 507 lacerari

925 523 1018 561 Sinis,
1044 531 1102 563 per
1126 522 1314 554 Philistaeos

968 570 1009 601 ad
1033 572 1218 609 tempusque
1241 570 1371 611 vastari,

920 615 965 646 Et
987 617 1184 655 paenitentes
1209 616 1337 656 liberas,

969 672 988 693 a
1010 663 1064 694 via
1087 671 1144 693 nos
1170 663 1286 694 erroris

922 709 1086 741 Revocans
1111 709 1152 740 ad
1177 712 1292 741 statum
1320 710 1380 741 duc

968 756 1053 787 vitae
1077 756 1225 787 melioris.

841 830 893 862 10.
920 830 1002 870 Iesu,
1028 830 1133 862 David
1158 830 1297 861 liberans

967 886 986 908 a
1010 876 1095 916 Saul,
1124 876 1195 907 dum
1222 877 1269 908 sic
1294 885 1362 908 erat

921 925 1052 964 Anctus,
1079 924 1162 962 quod
1188 924 1324 955 evadere

968 980 1060 1011 posse
1084 978 1119 1000 55
1145 970 1301 1013 desperat,

920 1017 981 1049 Pro
1007 1026 1066 1057 quo
1091 1017 1158 1056 agit
1181 1017 1308 1059 gratias,

967 1063 1019 1095 fac
1042 1072 1098 1095 nos
1124 1072 1247 1102 quoque
1271 1068 1377 1103 gratos

920 1111 950 1141 A
976 1111 1086 1150 quovis
1110 1110 1252 1149 periculo

969 1166 988 1188 a
1012 1161 1044 1188 te
1068 1156 1230 1190 liberatos

840 1232 893 1264 11.
920 1232 1002 1271 Iesu,
1030 1233 1069 1264 tle
1093 1235 1180 1262 terra
1203 1232 1299 1263 Moab

965 1279 999 1309 in
1024 1279 1105 1310 Iuda
1130 1281 1338 1310 revertentem

920 1326 1038 1365 Regem
1064 1325 1170 1357 David
1195 1324 1314 1357 faciens

965 1373 998 1403 in
1023 1376 1055 1403 te
1081 1371 1300 1414 confidentem,

920 1419 1038 1452 Nostra
1061 1420 1095 1450 in
1119 1421 1151 1449 te
1175 1419 1236 1450 sita
1260 1420 1303 1450 sit

965 1467 1034 1506 spei
1059 1466 1226 1507 certitudo,

920 1512 1014 1545 Cuius
1040 1516 1088 1544 est
1113 1513 1289 1544 dulcedinis

964 1569 1080 1600 magna
1103 1560 1283 1593 multitudo,

839 1635 893 1669 12.
920 1636 1001 1678 Iesu,
1029 1643 1120 1675 quem
1145 1635 1256 1666 laudat
1280 1635 1382 1667 David

966 1692 1024 1721 pro
1050 1682 1272 1721 consolatione,

920 1732 949 1761 A
974 1734 1007 1760 te
1030 1729 1091 1761 sibi
1115 1729 1243 1760 reddita

966 1777 999 1807 in
1022 1776 1242 1814 persecutione

919 1823 994 1854 Saul
1019 1822 1103 1863 regis
1127 1823 1267 1861 pessimi,

966 1869 1056 1901 nobis
1082 1869 1142 1900 hoc
1166 1870 1304 1901 solamen

922 1917 1021 1958 Dona,
1047 1924 1157 1956 pacem
1183 1917 1337 1956 perditam

964 1963 1182 2003 restaurando,
1208 1964 1320 1997 Amen.

839 2040 894 2072 13.
920 2040 1002 2082 Iesu,
1029 2040 1081 2080 qui
1108 2039 1272 2071 Danielem

966 2096 1061 2119 suasu
1086 2087 1290 2127 malignorum

919 2135 957 2166 In
981 2135 1085 2166 lacum
1105 2135 1235 2165 missum
1258 2135 1382 2166 leonum

966 2181 1097 2214 salvasti
1123 2190 1230 2213 eorum

921 2229 984 2261 Ora
1010 2229 1159 2261 claudens
1185 2237 1244 2268 per
1265 2229 1420 2269 angelum,

968 2277 1035 2319 hos,
1062 2276 1114 2316 qui
1138 2285 1195 2308 nos
1222 2275 1384 2308 offendunt

919 2324 1050 2365 Iniuste,
1077 2322 1139 2366 fac,
1164 2326 1201 2355 ut
1224 2324 1367 2355 incidant

967 2371 1106 2412 laqueos,
1130 2379 1207 2410 quos
1232 2371 1375 2405 tendunt.
