<?xml version="1.0" encoding="UTF-8"?>
<!DOCTYPE html PUBLIC "-//W3C//DTD XHTML 1.0 Transitional//EN"
    "http://www.w3.org/TR/xhtml1/DTD/xhtml1-transitional.dtd">
<html xmlns="http://www.w3.org/1999/xhtml" xml:lang="en" lang="en">
 <head>
  <title>
</title>
<meta http-equiv="Content-Type" content="text/html;charset=utf-8" />
  <meta name='ocr-system' content='tesseract 3.04.00' />
  <meta name='ocr-capabilities' content='ocr_page ocr_carea ocr_par ocr_line ocrx_word'/>
</head>
<body>
  <div class='ocr_page' id='page_1' title='image "./analectahymnica35drevuoft_00276.png"; bbox 0 0 1650 2612; ppageno 0'>
   <div class='ocr_carea' id='block_1_1' title="bbox 612 176 868 210">
    <p class='ocr_par' dir='ltr' id='par_1_1' title="bbox 612 176 868 210">
     <span class='ocr_line' id='line_1_1' title="bbox 612 176 868 210; baseline 0.004 -1"><span class='ocrx_word' id='word_1_1' title='bbox 612 176 868 210; x_wconf 83' lang='lat'><strong>—273—</strong></span> 
     </span>
    </p>
   </div>
   <div class='ocr_carea' id='block_1_2' title="bbox 88 266 1392 341">
    <p class='ocr_par' dir='ltr' id='par_1_2' title="bbox 88 266 1392 341">
     <span class='ocr_line' id='line_1_2' title="bbox 89 266 1392 305; baseline 0 -10"><span class='ocrx_word' id='word_1_2' title='bbox 89 276 141 303; x_wconf 86' lang='lat' dir='ltr'>per</span> <span class='ocrx_word' id='word_1_3' title='bbox 160 268 294 302; x_wconf 81' lang='lat' dir='ltr'>tempora</span> <span class='ocrx_word' id='word_1_4' title='bbox 315 268 345 296; x_wconf 82' lang='lat'>0.</span> <span class='ocrx_word' id='word_1_5' title='bbox 367 284 403 289; x_wconf 92' lang='lat'>—</span> <span class='ocrx_word' id='word_1_6' title='bbox 424 267 470 301; x_wconf 89' lang='lat'>50,</span> <span class='ocrx_word' id='word_1_7' title='bbox 487 267 520 297; x_wconf 96' lang='grc'>11</span> <span class='ocrx_word' id='word_1_8' title='bbox 542 272 571 297; x_wconf 77' lang='lat' dir='ltr'>et</span> <span class='ocrx_word' id='word_1_9' title='bbox 583 270 656 297; x_wconf 70' lang='lat' dir='ltr'>fehlt</span> <span class='ocrx_word' id='word_1_10' title='bbox 668 271 699 298; x_wconf 80' lang='grc' dir='ltr'>Ο.</span> <span class='ocrx_word' id='word_1_11' title='bbox 719 286 756 291; x_wconf 82' lang='lat'>—</span> <span class='ocrx_word' id='word_1_12' title='bbox 776 270 820 305; x_wconf 79' lang='lat'>50,</span> <span class='ocrx_word' id='word_1_13' title='bbox 838 269 872 298; x_wconf 82' lang='lat'>12</span> <span class='ocrx_word' id='word_1_14' title='bbox 893 272 1015 299; x_wconf 84' lang='lat' dir='ltr'>Iuvenes</span> <span class='ocrx_word' id='word_1_15' title='bbox 1032 272 1061 297; x_wconf 82' lang='lat' dir='ltr'>et</span> <span class='ocrx_word' id='word_1_16' title='bbox 1074 269 1104 297; x_wconf 80' lang='lat' dir='ltr'>C.</span> <span class='ocrx_word' id='word_1_17' title='bbox 1126 284 1162 288; x_wconf 90' lang='lat'>—</span> <span class='ocrx_word' id='word_1_18' title='bbox 1182 268 1226 303; x_wconf 88' lang='lat'>50,</span> <span class='ocrx_word' id='word_1_19' title='bbox 1244 266 1278 295; x_wconf 86' lang='lat'>15</span> <span class='ocrx_word' id='word_1_20' title='bbox 1300 269 1392 302; x_wconf 76' lang='lat' dir='ltr'>Quam</span> 
     </span>
     <span class='ocr_line' id='line_1_3' title="bbox 88 303 791 341; baseline 0.006 -10"><span class='ocrx_word' id='word_1_21' title='bbox 88 305 184 332; x_wconf 74' lang='lat' dir='ltr'>sancti</span> <span class='ocrx_word' id='word_1_22' title='bbox 203 305 236 331; x_wconf 89' lang='lat' dir='ltr'>B.</span> <span class='ocrx_word' id='word_1_23' title='bbox 260 320 296 323; x_wconf 97' lang='lat'><strong>—</strong></span> <span class='ocrx_word' id='word_1_24' title='bbox 317 305 362 341; x_wconf 87' lang='lat'>50,</span> <span class='ocrx_word' id='word_1_25' title='bbox 387 303 422 334; x_wconf 87' lang='lat'>15</span> <span class='ocrx_word' id='word_1_26' title='bbox 443 307 533 340; x_wconf 81' lang='lat' dir='ltr'>Quem</span> <span class='ocrx_word' id='word_1_27' title='bbox 555 309 598 335; x_wconf 81' lang='lat' dir='ltr'>sic</span> <span class='ocrx_word' id='word_1_28' title='bbox 618 307 740 336; x_wconf 73' lang='lat' dir='ltr'>laudant</span> <span class='ocrx_word' id='word_1_29' title='bbox 760 309 791 337; x_wconf 86' lang='lat' dir='ltr'>C.</span> 
     </span>
    </p>
   </div>
   <div class='ocr_carea' id='block_1_3' title="bbox 89 351 1392 767">
    <p class='ocr_par' dir='ltr' id='par_1_3' title="bbox 89 351 1392 767">
     <span class='ocr_line' id='line_1_4' title="bbox 89 351 1392 416; baseline 0.002 -38"><span class='ocrx_word' id='word_1_30' title='bbox 89 389 100 416; x_wconf 67' lang='grc'><strong>1</strong></span> <span class='ocrx_word' id='word_1_31' title='bbox 165 351 189 378; x_wconf 85' lang='grc' dir='ltr'>Β</span> <span class='ocrx_word' id='word_1_32' title='bbox 216 352 269 379; x_wconf 84' lang='lat' dir='ltr'>hat</span> <span class='ocrx_word' id='word_1_33' title='bbox 296 361 350 380; x_wconf 83' lang='lat' dir='ltr'>vor</span> <span class='ocrx_word' id='word_1_34' title='bbox 366 353 450 389; x_wconf 82' lang='lat' dir='ltr'>jeder</span> <span class='ocrx_word' id='word_1_35' title='bbox 473 355 685 391; x_wconf 77' lang='lat' dir='ltr'>Quinquagene</span> <span class='ocrx_word' id='word_1_36' title='bbox 704 357 790 384; x_wconf 86' lang='lat' dir='ltr'>einen</span> <span class='ocrx_word' id='word_1_37' title='bbox 809 355 967 392; x_wconf 79' lang='lat' dir='ltr'>Prologus3</span> <span class='ocrx_word' id='word_1_38' title='bbox 996 355 1045 383; x_wconf 84' lang='lat' dir='ltr'>der</span> <span class='ocrx_word' id='word_1_39' title='bbox 1065 363 1116 381; x_wconf 84' lang='lat' dir='ltr'>zur</span> <span class='ocrx_word' id='word_1_40' title='bbox 1138 356 1233 382; x_wconf 85' lang='lat' dir='ltr'>ersten</span> <span class='ocrx_word' id='word_1_41' title='bbox 1253 353 1392 389; x_wconf 55' lang='lat' dir='ltr'>gremii-ige</span> 
     </span>
     <span class='ocr_line' id='line_1_5' title="bbox 102 392 194 416; baseline -0.022 0"><span class='ocrx_word' id='word_1_42' title='bbox 102 392 194 416; x_wconf 81' lang='lat' dir='ltr'>autet:</span> 
     </span>
     <span class='ocr_line' id='line_1_6' title="bbox 393 429 1088 467; baseline 0.001 -11"><span class='ocrx_word' id='word_1_43' title='bbox 393 429 465 465; x_wconf 85' lang='lat' dir='ltr'>Ave,</span> <span class='ocrx_word' id='word_1_44' title='bbox 488 438 599 464; x_wconf 81' lang='lat' dir='ltr'>serena,</span> <span class='ocrx_word' id='word_1_45' title='bbox 619 431 677 465; x_wconf 86' lang='lat' dir='ltr'>pia,</span> <span class='ocrx_word' id='word_1_46' title='bbox 699 431 802 467; x_wconf 82' lang='lat' dir='ltr'><strong>gaude,</strong></span> <span class='ocrx_word' id='word_1_47' title='bbox 823 440 965 467; x_wconf 83' lang='lat' dir='ltr'>generosa</span> <span class='ocrx_word' id='word_1_48' title='bbox 984 431 1088 463; x_wconf 77' lang='lat' dir='ltr'>Maria,</span> 
     </span>
     <span class='ocr_line' id='line_1_7' title="bbox 394 467 1083 504; baseline 0 -10"><span class='ocrx_word' id='word_1_49' title='bbox 394 467 558 503; x_wconf 85' lang='lat' dir='ltr'>Lapsorum</span> <span class='ocrx_word' id='word_1_50' title='bbox 577 468 672 500; x_wconf 81' lang='lat' dir='ltr'>venia,</span> <span class='ocrx_word' id='word_1_51' title='bbox 693 469 789 504; x_wconf 81' lang='lat' dir='ltr'>gaude</span> <span class='ocrx_word' id='word_1_52' title='bbox 807 469 866 503; x_wconf 84' lang='lat' dir='ltr'>qu,</span> <span class='ocrx_word' id='word_1_53' title='bbox 888 470 958 502; x_wconf 85' lang='lat' dir='ltr'>vita,</span> <span class='ocrx_word' id='word_1_54' title='bbox 979 469 1083 500; x_wconf 81' lang='lat' dir='ltr'>Maria,</span> 
     </span>
     <span class='ocr_line' id='line_1_8' title="bbox 395 505 1080 543; baseline 0 -11"><span class='ocrx_word' id='word_1_55' title='bbox 395 505 504 538; x_wconf 80' lang='lat' dir='ltr'>Gaude,</span> <span class='ocrx_word' id='word_1_56' title='bbox 527 513 599 541; x_wconf 86' lang='lat' dir='ltr'>quae</span> <span class='ocrx_word' id='word_1_57' title='bbox 621 513 719 540; x_wconf 82' lang='lat' dir='ltr'>regem</span> <span class='ocrx_word' id='word_1_58' title='bbox 741 507 815 534; x_wconf 78' lang='lat' dir='ltr'>caeli</span> <span class='ocrx_word' id='word_1_59' title='bbox 840 508 921 542; x_wconf 70' lang='lat' dir='ltr'>virgo</span> <span class='ocrx_word' id='word_1_60' title='bbox 943 507 1080 543; x_wconf 77' lang='lat' dir='ltr'>genuisti,</span> 
     </span>
     <span class='ocr_line' id='line_1_9' title="bbox 394 542 1139 580; baseline 0.001 -11"><span class='ocrx_word' id='word_1_61' title='bbox 394 543 504 576; x_wconf 85' lang='lat' dir='ltr'>Gaude,</span> <span class='ocrx_word' id='word_1_62' title='bbox 526 551 600 579; x_wconf 82' lang='lat' dir='ltr'>quae</span> <span class='ocrx_word' id='word_1_63' title='bbox 624 542 712 578; x_wconf 86' lang='lat' dir='ltr'>digna</span> <span class='ocrx_word' id='word_1_64' title='bbox 731 544 889 571; x_wconf 85' lang='lat' dir='ltr'>Dominum</span> <span class='ocrx_word' id='word_1_65' title='bbox 908 549 1024 580; x_wconf 83' lang='lat' dir='ltr'>portare</span> <span class='ocrx_word' id='word_1_66' title='bbox 1042 543 1139 578; x_wconf 85' lang='lat' dir='ltr'>fuisti;</span> 
     </span>
     <span class='ocr_line' id='line_1_10' title="bbox 395 580 1056 617; baseline 0.002 -10"><span class='ocrx_word' id='word_1_67' title='bbox 395 580 504 613; x_wconf 84' lang='lat' dir='ltr'>Gaude,</span> <span class='ocrx_word' id='word_1_68' title='bbox 526 581 687 608; x_wconf 86' lang='lat' dir='ltr'>visceribus</span> <span class='ocrx_word' id='word_1_69' title='bbox 708 582 826 616; x_wconf 82' lang='lat' dir='ltr'>pietatis</span> <span class='ocrx_word' id='word_1_70' title='bbox 847 582 934 617; x_wconf 80' lang='lat' dir='ltr'>plena</span> <span class='ocrx_word' id='word_1_71' title='bbox 952 583 1056 613; x_wconf 84' lang='lat' dir='ltr'>Maria,</span> 
     </span>
     <span class='ocr_line' id='line_1_11' title="bbox 395 616 1177 655; baseline 0.001 -11"><span class='ocrx_word' id='word_1_72' title='bbox 395 618 504 653; x_wconf 81' lang='lat' dir='ltr'>Gaude,</span> <span class='ocrx_word' id='word_1_73' title='bbox 527 620 595 653; x_wconf 71' lang='lat' dir='ltr'>post</span> <span class='ocrx_word' id='word_1_74' title='bbox 615 616 762 646; x_wconf 74' lang='lat' dir='ltr'>Christum</span> <span class='ocrx_word' id='word_1_75' title='bbox 783 620 924 655; x_wconf 77' lang='lat' dir='ltr'>protectio</span> <span class='ocrx_word' id='word_1_76' title='bbox 945 622 1052 651; x_wconf 81' lang='lat' dir='ltr'>nostra,</span> <span class='ocrx_word' id='word_1_77' title='bbox 1073 619 1177 651; x_wconf 79' lang='lat' dir='ltr'>Maria,</span> 
     </span>
     <span class='ocr_line' id='line_1_12' title="bbox 394 655 1055 693; baseline 0 -10"><span class='ocrx_word' id='word_1_78' title='bbox 394 655 504 690; x_wconf 81' lang='lat' dir='ltr'>Gaude,</span> <span class='ocrx_word' id='word_1_79' title='bbox 526 657 693 683; x_wconf 76' lang='lat' dir='ltr'>cunctorum</span> <span class='ocrx_word' id='word_1_80' title='bbox 712 656 783 683; x_wconf 82' lang='lat' dir='ltr'>felix</span> <span class='ocrx_word' id='word_1_81' title='bbox 802 658 905 692; x_wconf 82' lang='lat' dir='ltr'>regina</span> <span class='ocrx_word' id='word_1_82' title='bbox 923 658 1055 693; x_wconf 87' lang='lat' dir='ltr'>polorum</span> 
     </span>
     <span class='ocr_line' id='line_1_13' title="bbox 393 692 1246 731; baseline 0.002 -12"><span class='ocrx_word' id='word_1_83' title='bbox 393 693 554 729; x_wconf 83' lang='lat' dir='ltr'>Nostrique</span> <span class='ocrx_word' id='word_1_84' title='bbox 575 692 670 720; x_wconf 82' lang='lat' dir='ltr'>cordis</span> <span class='ocrx_word' id='word_1_85' title='bbox 691 701 780 728; x_wconf 80' lang='lat' dir='ltr'>amor,</span> <span class='ocrx_word' id='word_1_86' title='bbox 803 694 904 731; x_wconf 77' lang='lat' dir='ltr'>gaude,</span> <span class='ocrx_word' id='word_1_87' title='bbox 927 696 1008 731; x_wconf 66' lang='lat' dir='ltr'>stirp}</span> <span class='ocrx_word' id='word_1_88' title='bbox 1034 695 1121 728; x_wconf 76' lang='lat' dir='ltr'>Iesse,</span> <span class='ocrx_word' id='word_1_89' title='bbox 1142 694 1246 728; x_wconf 81' lang='lat' dir='ltr'>Maria,</span> 
     </span>
     <span class='ocr_line' id='line_1_14' title="bbox 394 729 1184 767; baseline 0.001 -10"><span class='ocrx_word' id='word_1_90' title='bbox 394 730 496 758; x_wconf 80' lang='lat' dir='ltr'>Gaude</span> <span class='ocrx_word' id='word_1_91' title='bbox 517 740 582 758; x_wconf 76' lang='lat' dir='ltr'>curn</span> <span class='ocrx_word' id='word_1_92' title='bbox 604 729 717 759; x_wconf 62' lang='lat' dir='ltr'>(nn-isto</span> <span class='ocrx_word' id='word_1_93' title='bbox 738 733 889 767; x_wconf 76' lang='lat' dir='ltr'>nostrique</span> <span class='ocrx_word' id='word_1_94' title='bbox 908 735 1060 765; x_wconf 83' lang='lat' dir='ltr'>mementc,</span> <span class='ocrx_word' id='word_1_95' title='bbox 1080 732 1184 759; x_wconf 83' lang='lat' dir='ltr'>Maria.</span> 
     </span>
    </p>
   </div>
   <div class='ocr_carea' id='block_1_4' title="bbox 166 776 1328 816">
    <p class='ocr_par' dir='ltr' id='par_1_4' title="bbox 166 776 1328 816">
     <span class='ocr_line' id='line_1_15' title="bbox 166 776 1328 816; baseline 0.003 -14"><span class='ocrx_word' id='word_1_96' title='bbox 166 776 228 803; x_wconf 89' lang='lat' dir='ltr'>Vor</span> <span class='ocrx_word' id='word_1_97' title='bbox 248 777 300 804; x_wconf 80' lang='lat' dir='ltr'>der</span> <span class='ocrx_word' id='word_1_98' title='bbox 321 778 445 806; x_wconf 79' lang='lat' dir='ltr'>zweiten</span> <span class='ocrx_word' id='word_1_99' title='bbox 467 778 679 815; x_wconf 77' lang='lat' dir='ltr'>Quinquagene</span> <span class='ocrx_word' id='word_1_100' title='bbox 699 778 832 807; x_wconf 84' lang='lat' dir='ltr'>befinden</span> <span class='ocrx_word' id='word_1_101' title='bbox 852 779 914 806; x_wconf 59' lang='lat' dir='ltr'>nich</span> <span class='ocrx_word' id='word_1_102' title='bbox 935 779 1069 816; x_wconf 69' lang='lat' dir='ltr'>folgende</span> <span class='ocrx_word' id='word_1_103' title='bbox 1090 779 1151 806; x_wconf 83' lang='lat' dir='ltr'>drei</span> <span class='ocrx_word' id='word_1_104' title='bbox 1170 778 1328 815; x_wconf 71' lang='lat' dir='ltr'>Sti-ophen:</span> 
     </span>
    </p>
   </div>
   <div class='ocr_carea' id='block_1_5' title="bbox 164 823 1255 1059">
    <p class='ocr_par' dir='ltr' id='par_1_5' title="bbox 164 823 1255 898">
     <span class='ocr_line' id='line_1_16' title="bbox 164 823 1255 858; baseline 0.002 -7"><span class='ocrx_word' id='word_1_105' title='bbox 164 823 229 850; x_wconf 77' lang='lat' dir='ltr'>Rex</span> <span class='ocrx_word' id='word_1_106' title='bbox 248 825 399 858; x_wconf 81' lang='lat' dir='ltr'>virtutum,</span> <span class='ocrx_word' id='word_1_107' title='bbox 420 825 465 852; x_wconf 84' lang='lat' dir='ltr'>fae</span> <span class='ocrx_word' id='word_1_108' title='bbox 486 825 622 853; x_wconf 78' lang='lat' dir='ltr'>devotum</span> <span class='ocrx_word' id='word_1_109' title='bbox 849 827 910 854; x_wconf 85' lang='lat' dir='ltr'>Nos</span> <span class='ocrx_word' id='word_1_110' title='bbox 930 828 1055 854; x_wconf 76' lang='lat' dir='ltr'>invictos</span> <span class='ocrx_word' id='word_1_111' title='bbox 1076 828 1105 854; x_wconf 82' lang='lat' dir='ltr'>et</span> <span class='ocrx_word' id='word_1_112' title='bbox 1125 826 1255 854; x_wconf 76' lang='lat' dir='ltr'>adflictos</span> 
     </span>
     <span class='ocr_line' id='line_1_17' title="bbox 203 861 1171 898; baseline 0 -9"><span class='ocrx_word' id='word_1_113' title='bbox 203 861 254 889; x_wconf 88' lang='lat' dir='ltr'>Me</span> <span class='ocrx_word' id='word_1_114' title='bbox 273 864 304 890; x_wconf 86' lang='lat' dir='ltr'>in</span> <span class='ocrx_word' id='word_1_115' title='bbox 325 866 393 891; x_wconf 82' lang='lat' dir='ltr'>tuae</span> <span class='ocrx_word' id='word_1_116' title='bbox 413 863 548 891; x_wconf 86' lang='lat' dir='ltr'>laudibus</span> <span class='ocrx_word' id='word_1_117' title='bbox 885 865 912 892; x_wconf 88' lang='lat' dir='ltr'>A</span> <span class='ocrx_word' id='word_1_118' title='bbox 933 866 1016 893; x_wconf 84' lang='lat' dir='ltr'>malis</span> <span class='ocrx_word' id='word_1_119' title='bbox 1038 865 1171 898; x_wconf 80' lang='lat' dir='ltr'>eripiant.</span> 
     </span>
    </p>

    <p class='ocr_par' dir='ltr' id='par_1_6' title="bbox 166 899 1240 984">
     <span class='ocr_line' id='line_1_18' title="bbox 166 899 1240 945; baseline -0.001 -7"><span class='ocrx_word' id='word_1_120' title='bbox 166 899 338 945; x_wconf 52' lang='lat' dir='ltr'>Genetrififfi</span> <span class='ocrx_word' id='word_1_121' title='bbox 360 909 436 945; x_wconf 61' lang='lat' dir='ltr'>(1¹¹,ae</span> <span class='ocrx_word' id='word_1_122' title='bbox 455 901 575 945; x_wconf 66' lang='lat' dir='ltr'>PP-doris</span> <span class='ocrx_word' id='word_1_123' title='bbox 848 911 894 939; x_wconf 86' lang='lat' dir='ltr'>Sit</span> <span class='ocrx_word' id='word_1_124' title='bbox 911 913 1046 944; x_wconf 84' lang='lat' dir='ltr'>Messiae‚</span> <span class='ocrx_word' id='word_1_125' title='bbox 1070 912 1109 938; x_wconf 86' lang='lat' dir='ltr'>sit</span> <span class='ocrx_word' id='word_1_126' title='bbox 1127 911 1240 938; x_wconf 79' lang='lat' dir='ltr'>Mariae</span> 
     </span>
     <span class='ocr_line' id='line_1_19' title="bbox 204 938 1162 984; baseline 0.001 -18"><span class='ocrx_word' id='word_1_127' title='bbox 204 938 305 966; x_wconf 75' lang='lat' dir='ltr'>Gessit</span> <span class='ocrx_word' id='word_1_128' title='bbox 323 942 352 967; x_wconf 88' lang='lat' dir='ltr'>te</span> <span class='ocrx_word' id='word_1_129' title='bbox 371 940 543 966; x_wconf 70' lang='lat' dir='ltr'>visceribus.</span> <span class='ocrx_word' id='word_1_130' title='bbox 886 950 972 978; x_wconf 68' lang='lat' dir='ltr'>Omni</span> <span class='ocrx_word' id='word_1_131' title='bbox 993 950 1040 976; x_wconf 63' lang='lat' dir='ltr'>die</span> <span class='ocrx_word' id='word_1_132' title='bbox 1058 949 1162 984; x_wconf 64' lang='lat' dir='ltr'>gratia,</span> 
     </span>
    </p>

    <p class='ocr_par' dir='ltr' id='par_1_7' title="bbox 164 984 1204 1059">
     <span class='ocr_line' id='line_1_20' title="bbox 164 984 1204 1023; baseline 0.002 -12"><span class='ocrx_word' id='word_1_133' title='bbox 164 984 239 1011; x_wconf 86' lang='lat' dir='ltr'>Eius</span> <span class='ocrx_word' id='word_1_134' title='bbox 259 985 361 1013; x_wconf 85' lang='lat' dir='ltr'>laudes</span> <span class='ocrx_word' id='word_1_135' title='bbox 385 988 488 1013; x_wconf 84' lang='lat' dir='ltr'>contra</span> <span class='ocrx_word' id='word_1_136' title='bbox 506 986 623 1015; x_wconf 84' lang='lat' dir='ltr'>fraudes</span> <span class='ocrx_word' id='word_1_137' title='bbox 846 988 937 1020; x_wconf 86' lang='lat' dir='ltr'>Patri,</span> <span class='ocrx_word' id='word_1_138' title='bbox 959 987 1035 1023; x_wconf 84' lang='lat' dir='ltr'>proli</span> <span class='ocrx_word' id='word_1_139' title='bbox 1055 989 1085 1013; x_wconf 86' lang='lat' dir='ltr'>et</span> <span class='ocrx_word' id='word_1_140' title='bbox 1104 987 1204 1019; x_wconf 78' lang='lat' dir='ltr'>amori,</span> 
     </span>
     <span class='ocr_line' id='line_1_21' title="bbox 203 1023 1155 1059; baseline 0 -10"><span class='ocrx_word' id='word_1_141' title='bbox 203 1023 320 1050; x_wconf 70' lang='lat' dir='ltr'>Inimici</span> <span class='ocrx_word' id='word_1_142' title='bbox 338 1024 450 1051; x_wconf 73' lang='lat' dir='ltr'>faciant</span> <span class='ocrx_word' id='word_1_143' title='bbox 886 1025 950 1053; x_wconf 82' lang='lat' dir='ltr'>Soli</span> <span class='ocrx_word' id='word_1_144' title='bbox 968 1026 1030 1052; x_wconf 80' lang='lat' dir='ltr'>Deo</span> <span class='ocrx_word' id='word_1_145' title='bbox 1052 1024 1155 1059; x_wconf 77' lang='lat' dir='ltr'>gloria.</span> 
     </span>
    </p>
   </div>
   <div class='ocr_carea' id='block_1_6' title="bbox 88 1070 1390 1183">
    <p class='ocr_par' dir='ltr' id='par_1_8' title="bbox 88 1070 1390 1183">
     <span class='ocr_line' id='line_1_22' title="bbox 167 1070 1390 1108; baseline 0.001 -12"><span class='ocrx_word' id='word_1_146' title='bbox 167 1070 229 1096; x_wconf 85' lang='lat' dir='ltr'>Vor</span> <span class='ocrx_word' id='word_1_147' title='bbox 249 1070 300 1097; x_wconf 86' lang='lat' dir='ltr'>der</span> <span class='ocrx_word' id='word_1_148' title='bbox 320 1071 428 1098; x_wconf 77' lang='lat' dir='ltr'>dritten</span> <span class='ocrx_word' id='word_1_149' title='bbox 449 1071 642 1107; x_wconf 76' lang='lat' dir='ltr'>Quadi-agene</span> <span class='ocrx_word' id='word_1_150' title='bbox 662 1073 703 1099; x_wconf 87' lang='lat' dir='ltr'>ist</span> <span class='ocrx_word' id='word_1_151' title='bbox 724 1073 767 1099; x_wconf 82' lang='lat' dir='ltr'>als</span> <span class='ocrx_word' id='word_1_152' title='bbox 784 1073 892 1108; x_wconf 81' lang='lat' dir='ltr'>Prolog</span> <span class='ocrx_word' id='word_1_153' title='bbox 913 1071 960 1100; x_wconf 86' lang='lat' dir='ltr'>die</span> <span class='ocrx_word' id='word_1_154' title='bbox 979 1072 1066 1099; x_wconf 73' lang='lat' dir='ltr'>letzte</span> <span class='ocrx_word' id='word_1_155' title='bbox 1085 1070 1316 1105; x_wconf 75' lang='lat' dir='ltr'>Halb-Strophe</span> <span class='ocrx_word' id='word_1_156' title='bbox 1336 1078 1390 1097; x_wconf 87' lang='lat' dir='ltr'>aus</span> 
     </span>
     <span class='ocr_line' id='line_1_23' title="bbox 88 1106 1388 1145; baseline -0.001 -10"><span class='ocrx_word' id='word_1_157' title='bbox 88 1108 139 1135; x_wconf 86' lang='lat' dir='ltr'>der</span> <span class='ocrx_word' id='word_1_158' title='bbox 160 1106 293 1143; x_wconf 81' lang='lat' dir='ltr'>Sequenz</span> <span class='ocrx_word' id='word_1_159' title='bbox 310 1109 418 1136; x_wconf 85' lang='lat' dir='ltr'>Adams</span> <span class='ocrx_word' id='word_1_160' title='bbox 439 1117 497 1136; x_wconf 89' lang='lat' dir='ltr'>von</span> <span class='ocrx_word' id='word_1_161' title='bbox 511 1108 552 1136; x_wconf 74' lang='lat' dir='ltr'>St.</span> <span class='ocrx_word' id='word_1_162' title='bbox 567 1110 671 1137; x_wconf 80' lang='lat' dir='ltr'>Victor</span> <span class='ocrx_word' id='word_1_163' title='bbox 691 1109 798 1145; x_wconf 74' lang='lat' dir='ltr'>„Salve</span> <span class='ocrx_word' id='word_1_164' title='bbox 817 1113 909 1138; x_wconf 78' lang='lat' dir='ltr'>mater</span> <span class='ocrx_word' id='word_1_165' title='bbox 929 1106 1102 1138; x_wconf 81' lang='lat' dir='ltr'>salvatoris“</span> <span class='ocrx_word' id='word_1_166' title='bbox 1123 1108 1228 1135; x_wconf 82' lang='lat' dir='ltr'>vorher</span> <span class='ocrx_word' id='word_1_167' title='bbox 1250 1108 1388 1134; x_wconf 80' lang='lat' dir='ltr'>eschickt.</span> 
     </span>
     <span class='ocr_line' id='line_1_24' title="bbox 89 1143 1389 1183; baseline -0.002 -9"><span class='ocrx_word' id='word_1_168' title='bbox 89 1146 146 1174; x_wconf 77' lang='lat' dir='ltr'>cfr.</span> <span class='ocrx_word' id='word_1_169' title='bbox 167 1145 250 1173; x_wconf 66' lang='lat' dir='ltr'>Leon</span> <span class='ocrx_word' id='word_1_170' title='bbox 271 1146 405 1178; x_wconf 85' lang='lat' dir='ltr'>Gautier,</span> <span class='ocrx_word' id='word_1_171' title='bbox 434 1146 558 1174; x_wconf 81' lang='lat' dir='ltr'>OEuvres</span> <span class='ocrx_word' id='word_1_172' title='bbox 578 1145 735 1183; x_wconf 71' lang='lat' dir='ltr'>Poetiques</span> <span class='ocrx_word' id='word_1_173' title='bbox 755 1147 876 1175; x_wconf 85' lang='lat' dir='ltr'>d&#39;Adam</span> <span class='ocrx_word' id='word_1_174' title='bbox 897 1148 932 1175; x_wconf 88' lang='lat' dir='ltr'>de</span> <span class='ocrx_word' id='word_1_175' title='bbox 952 1148 992 1176; x_wconf 86' lang='lat' dir='ltr'>St.</span> <span class='ocrx_word' id='word_1_176' title='bbox 1007 1146 1108 1174; x_wconf 77' lang='lat' dir='ltr'>Victor</span> <span class='ocrx_word' id='word_1_177' title='bbox 1126 1147 1162 1182; x_wconf 81' lang='lat'>(3.</span> <span class='ocrx_word' id='word_1_178' title='bbox 1177 1146 1222 1173; x_wconf 92' lang='lat' dir='ltr'>Au</span> <span class='ocrx_word' id='word_1_179' title='bbox 1245 1146 1263 1179; x_wconf 84' lang='grc'>,)</span> <span class='ocrx_word' id='word_1_180' title='bbox 1282 1144 1310 1172; x_wconf 83' lang='lat' dir='ltr'>S.</span> <span class='ocrx_word' id='word_1_181' title='bbox 1327 1143 1389 1173; x_wconf 88' lang='lat'>190.</span> 
     </span>
    </p>
   </div>
   <div class='ocr_carea' id='block_1_7' title="bbox 134 2508 1208 2541">
    <p class='ocr_par' dir='ltr' id='par_1_9' title="bbox 134 2508 1208 2541">
     <span class='ocr_line' id='line_1_25' title="bbox 134 2508 1208 2541; baseline -0.001 -4"><span class='ocrx_word' id='word_1_182' title='bbox 134 2517 262 2540; x_wconf 72' lang='lat' dir='ltr'>Dreves,</span> <span class='ocrx_word' id='word_1_183' title='bbox 279 2515 400 2540; x_wconf 71' lang='lat' dir='ltr'>Psasteviu</span> <span class='ocrx_word' id='word_1_184' title='bbox 417 2513 570 2541; x_wconf 78' lang='lat' dir='ltr'>Rhythmiea.</span> <span class='ocrx_word' id='word_1_185' title='bbox 601 2513 622 2537; x_wconf 85' lang='lat'>1.</span> <span class='ocrx_word' id='word_1_186' title='bbox 1173 2508 1208 2538; x_wconf 82' lang='grc'>18</span> 
     </span>
    </p>
   </div>
  </div>
 </body>
</html>
