1650 2612
523 629 588 661 XV.
616 629 804 660 Psalterium
823 629 938 660 beatae
957 628 1075 660 Mariae
1095 630 1130 660 V.

584 718 725 750 Prima
754 719 1065 758 Quinquagena.

240 828 253 839 .
277 806 356 847 Ave,
384 805 472 843 virgo
497 803 662 842 virginum,
765 802 788 824 θ

322 861 380 893 per
404 859 495 891 quam
521 850 570 881 vir
592 849 703 881 beatus

276 898 427 930 Visitavit
450 897 593 937 miseros,

323 946 413 977 nobis
441 952 480 975 ex
503 946 536 975 te
558 947 650 975 natus

275 992 362 1032 Tuis,
387 993 498 1033 mater,
523 991 645 1022 meritis

321 1039 422 1070 nostri
444 1038 610 1069 miseratus

274 1086 409 1117 Relevet
431 1084 574 1115 miserias

323 1133 423 1164 dulcis
447 1132 629 1163 advocatus.

243 1242 251 1250 .
278 1218 356 1257 Ave,
383 1214 501 1248 Christi
524 1214 651 1246 Domini

323 1265 426 1293 mater
446 1261 578 1302 illibata,

279 1308 372 1340 Cuius
398 1310 446 1340 est
467 1308 627 1339 hereditas

323 1356 357 1387 in
381 1357 488 1395 gentes
513 1355 676 1394 translata,

278 1402 328 1433 Ne
350 1411 408 1433 nos
432 1401 471 1433 ab
496 1401 557 1433 hac
581 1402 731 1434 dirimant

325 1449 437 1488 culpae
460 1449 510 1480 vel
533 1452 665 1488 peccata

280 1495 357 1528 Cum
381 1495 470 1527 furor
494 1496 658 1536 exarserit,

325 1542 456 1574 subveni
479 1542 582 1575 beata.

248 1652 254 1659 .
280 1628 359 1667 Ave,
386 1626 472 1658 cuius
497 1626 580 1658 filius

325 1675 435 1706 mortis
458 1682 516 1714 per
540 1683 684 1712 soporem

278 1720 484 1761 Resurgentis
507 1721 623 1752 meruit

326 1767 467 1808 corporis
490 1767 650 1807 honorem,

281 1815 381 1850 Quem
405 1823 463 1856 per
486 1818 618 1846 mortem
643 1815 772 1847 colimus

326 1863 437 1894 mortis
463 1862 700 1902 destructorem,

283 1909 427 1941 Colamus
450 1918 509 1948 per
528 1908 642 1941 funera

326 1957 411 1988 vitae
436 1956 626 1987 collatorem.

248 2064 256 2072 .
280 2041 360 2074 Ave,
384 2039 475 2071 verbi
497 2040 665 2079 thalamus,

328 2086 368 2117 de
392 2095 451 2126 quo
478 2095 545 2117 cum
572 2087 678 2128 exivit,

282 2133 383 2165 Voces
406 2133 618 2164 invocantium

331 2180 474 2213 Christus
499 2180 671 2221 exaudivit,

284 2227 455 2266 Consignet
478 2229 510 2257 et
532 2228 662 2268 muniat,

330 2274 391 2306 sibi
416 2282 493 2312 quos
517 2274 627 2313 univit,

283 2322 341 2361 Qui
363 2321 413 2353 sui
435 2329 492 2352 nos
515 2320 632 2352 lumine

329 2369 432 2401 vultus
456 2368 627 2407 insignivit.

894 804 924 834 5.
949 804 1028 842 Ave,
1053 803 1203 842 templum
1227 803 1311 842 fidei,

996 850 1104 880 domus
1127 850 1314 892 sanctitatis,

947 896 1092 927 Summae
1115 897 1352 928 tabernaculum

993 942 1080 974 facta
1101 943 1285 985 maiestatis,

947 989 1013 1022 Nos
1036 993 1124 1021 scuto
1149 991 1369 1029 praemuniens

992 1036 1094 1068 bonae
1117 1038 1287 1069 voluntatis

950 1082 1086 1114 Coronet
1109 1084 1141 1114 in
1165 1085 1272 1123 patria

996 1129 1138 1161 Christus
1163 1139 1233 1162 cum
1256 1130 1368 1163 beatis.

917 1240 923 1248 .
950 1214 1026 1252 Ave,
1051 1217 1151 1245 mater
1174 1217 1305 1254 gratiae,

995 1261 1166 1300 gratiarum
1190 1262 1295 1303 plena,

949 1307 998 1338 Tu
1022 1316 1094 1348 spes
1117 1309 1330 1347 paenitentiae

996 1355 1167 1394 veniaeque
1191 1364 1281 1397 vena,

948 1401 979 1432 A
1004 1401 1165 1441 culparum
1186 1403 1318 1434 nexibus

996 1448 1121 1480 solvens
1147 1452 1179 1480 et
1202 1459 1221 1481 a
1244 1459 1347 1489 poena

947 1495 1000 1527 Ad
1025 1496 1169 1527 caelestis
1192 1497 1317 1536 patriae

995 1541 1135 1574 transfer
1157 1552 1215 1575 nos
1239 1552 1381 1578 amoena.

917 1653 924 1660 .
948 1627 1028 1663 Ave,
1052 1635 1111 1666 per
1135 1636 1226 1667 quam
1251 1629 1412 1669 particeps

998 1677 1128 1705 nostrae
1151 1674 1255 1707 factus
1279 1676 1374 1708 sortis

952 1720 1039 1752 Deus
1060 1721 1158 1754 iudex
1179 1722 1281 1754 iustus
1307 1727 1364 1765 est,

998 1769 1122 1809 patiens
1149 1772 1180 1800 et
1203 1769 1307 1812 fortis,

952 1815 1019 1847 Nos
1046 1819 1231 1848 convertens
1255 1821 1386 1850 revocet

999 1872 1018 1894 a
1042 1863 1204 1903 gehennae
1226 1866 1328 1905 portis

953 1910 1112 1942 Evasuros
1137 1912 1287 1953 gladium,

999 1966 1116 1998 arcum,
1142 1968 1219 1990 vasa
1242 1960 1366 1992 mortis.

920 2065 927 2071 .
953 2042 1033 2084 Ave,
1058 2051 1117 2082 per
1141 2052 1235 2082 quam
1260 2043 1380 2084 angelis

1001 2098 1036 2119 se
1059 2090 1212 2121 minorem
1237 2089 1322 2133 fecit,

956 2135 1032 2167 Cum
1056 2145 1091 2167 se
1114 2136 1176 2168 Dei
1196 2136 1280 2168 filius

1000 2183 1117 2214 nostris
1141 2183 1309 2223 interiecit,

956 2229 1050 2261 Cuius
1074 2233 1166 2269 pater
1188 2230 1324 2269 pedibus

1002 2277 1106 2309 omnia
1128 2277 1272 2320 subiecit,

954 2323 1005 2354 Ex
1029 2332 1084 2355 ore
1102 2324 1286 2355 lactentium

1002 2370 1127 2402 laudem
1153 2380 1223 2402 cum
1246 2370 1394 2411 perfecit.
