1650 2612
187 227 241 259 39.

194 444 250 476 40.

190 661 243 694 41.

188 879 244 911 42.

186 1096 243 1128 43.

188 1313 242 1344 44.

698 136 861 171 —259
912 156 956 161 —

267 226 347 267 Ave,
375 230 461 262 cuius
487 234 535 262 est
559 230 642 263 filins

267 273 437 315 Refugium
461 278 551 310 nobis
577 278 680 310 factus

270 322 332 353 Per
357 325 461 355 carnis
488 326 737 365 contubernium,

269 368 360 406 Quod
386 373 433 402 est
457 372 544 404 vitae
567 373 751 404 remedium.

276 444 356 485 Ave,
383 446 534 485 splendor
558 448 730 491 virginalis,

271 491 367 523 Cuius
392 494 492 525 virtus
518 494 686 534 singularis

269 539 360 570 Fecit
385 541 475 572 nobis
501 542 686 573 altissimum

269 585 370 617 Deum
396 592 517 627 patrem
544 587 709 629 refugium.

270 662 350 702 Ave,
377 661 492 694 bonum
517 664 681 705 virginale,

270 708 360 747 Quod
385 708 554 741 Dominum
579 710 770 749 confitemur,

274 754 350 787 Cum
376 755 529 797 virginem
553 758 715 797 peperisse

274 802 376 835 Deum
402 812 510 835 verum
536 803 728 838 confitemur.

270 878 352 919 Ave,
381 878 476 911 decor
500 880 674 921 virginalis,

267 926 364 965 Quem
399 927 530 958 verbum
554 927 654 966 patris
681 927 794 967 induit,

271 972 349 1004 Cum
376 972 416 1004 de
440 972 528 1005 fonte
553 974 706 1005 castitatis

270 1019 389 1051 Nostra
415 1029 509 1052 carne
534 1029 568 1051 se
592 1021 780 1060 praecinxit.

269 1096 349 1136 Ave,
375 1098 486 1137 mater,
514 1096 599 1127 cuius
623 1098 744 1136 partus,

269 1142 431 1174 Ultionum
456 1152 512 1174 rex
539 1143 691 1185 dominus,

269 1189 464 1221 Libertatem
490 1190 584 1230 plene
609 1190 682 1230 egit,

272 1235 348 1268 Cum
376 1236 414 1268 de
439 1239 541 1268 morte
564 1237 747 1269 resurrexit.

870 234 925 265 45.
953 233 1032 274 Ave,
1059 233 1098 265 de
1123 234 1208 265 cuius
1232 233 1297 265 filio

952 280 1119 312 Cantemus
1144 290 1256 312 novum
1283 280 1448 320 canticum,

951 326 1044 359 Cuius
1072 328 1173 359 carnis
1199 327 1382 359 commercio

951 373 1042 405 Salus
1067 377 1115 406 est
1139 374 1224 406 facta
1247 373 1394 414 gentium.

917 475 923 482 .
950 448 1029 488 Ave,
1054 453 1155 481 mater
1178 449 1323 490 gloriosa,

951 494 1019 526 Lux
1045 496 1165 539 solaris,
1194 497 1279 528 clara
1303 497 1405 539 stella,
1434 501 1440 504 ·

949 542 999 573 De
1024 551 1085 581 qua
1108 544 1199 574 iustis
1220 543 1275 574 lux
1300 545 1349 574 est
1373 545 1451 582 orta,

948 588 1056 620 Rectis
1082 591 1177 622 corde
1200 590 1331 622 laetitia.

916 688 922 694 .
945 664 1029 704 Ave,
1056 667 1170 705 mater,
1196 674 1259 704 qua
1281 665 1448 706 processit,

947 711 1005 750 Qui
1030 709 1107 742 fecit
1130 711 1298 755 mirabilia,

949 757 1044 790 Cuius
1070 758 1131 790 sibi
1154 767 1211 790 nos
1235 759 1371 790 salvavit

948 804 1011 836 Sua
1034 804 1152 837 virtute
1176 806 1287 845 gratia.

915 904 921 911 .
947 880 1026 918 Ave,
1054 881 1136 921 regis
1158 881 1340 921 sacrarium,

948 926 1043 958 Cuius
1067 926 1168 958 honor
1192 928 1353 969 iudicium,

945 973 1066 1005 Pedum
1092 974 1178 1005 cuius
1204 977 1251 1006 est
1275 974 1446 1006 scabellum

947 1020 1097 1058 Sumptae
1123 1022 1225 1052 carnis
1241 1022 1467 1055 indumentum.

910 1120 918 1128 .
944 1094 1023 1135 Ave.
1051 1095 1137 1126 ouius
1163 1094 1340 1127 fecunditas

943 1141 1004 1173 Est
1029 1141 1136 1173 divina
1160 1143 1309 1184 suavitas,

946 1188 1040 1221 Cuius
1065 1190 1284 1222 misericordia

945 1235 1005 1266 Est
1028 1236 1061 1266 in
1086 1239 1214 1268 aeterna
1238 1237 1374 1269 saecula.

235 1629 241 1635 .
267 1604 353 1642 Ave,
387 1612 445 1642 per
470 1613 561 1643 quam
587 1603 662 1635 Sion
687 1606 795 1635 nostra

269 1313 349 1351 Ave,
375 1314 477 1343 mater
501 1320 668 1351 puerpera,
866 1312 920 1343 50.
945 1311 1026 1351 Ave,
1052 1314 1153 1343 mater
1177 1312 1360 1351 gratiarum,

271 1358 364 1390 Cuius
389 1359 488 1399 regali
513 1358 580 1391 filio
946 1357 1031 1396 Quae
1055 1359 1208 1397 peperisti
1233 1359 1410 1399 Dominum,

268 1406 440 1438 Iubilamus
465 1406 496 1437 in
522 1407 634 1447 gratia,
944 1404 1013 1444 Ipsi
1035 1404 1284 1437 misericordiam

269 1453 336 1484 Deo
361 1453 493 1485 salutari
517 1457 636 1486 nostro.
946 1451 1114 1484 Cantamus
1140 1455 1171 1484 et
1195 1453 1356 1487 iudicium.

574 1537 721 1569 Tertia
752 1538 1069 1577 Quinquagena.

891 1604 922 1636 5.
947 1603 1027 1642 Ave,
1054 1604 1146 1635 stella
1172 1604 1362 1647 caelestium,

270 1650 437 1682 videbitur
461 1651 493 1682 in
519 1651 629 1691 gloria,

271 1697 364 1730 Cuius
390 1701 500 1736 partus
526 1701 600 1729 sunt
624 1707 721 1738 opera

269 1745 377 1777 Omnis
402 1746 494 1777 simul
522 1749 676 1777 creatura.

268 1822 347 1863 Ave,
376 1822 462 1853 cuius
487 1821 635 1853 sacrariis

268 1869 327 1901 Ille
352 1869 508 1908 processit
534 1867 628 1909 filius,

271 1916 367 1949 Cuius
393 1919 441 1948 est
464 1915 662 1948 admirabilis

269 1964 362 1997 Omni
386 1964 455 1996 loco
483 1964 670 1996 dominatus.

269 2042 350 2081 Ave,
377 2040 417 2072 de
442 2041 531 2072 cuius
555 2040 674 2071 intimis

271 2089 427 2121 Decorem
451 2088 537 2119 Deus
562 2087 665 2118 induit

272 2136 317 2168 Et
341 2138 469 2167 nostrae
493 2138 583 2167 veste
607 2133 683 2166 fidei

271 2184 315 2217 Ut
339 2183 457 2215 lumine
482 2192 517 2214 se
542 2182 669 2214 vestivit

264 2261 344 2301 Ave,
370 2260 465 2291 stella
488 2258 642 2299 paradisi,

267 2308 362 2341 Cuius
387 2307 492 2339 lumen
517 2307 695 2349 adoramus,

266 2356 303 2388 In
328 2355 441 2387 laudes
467 2355 512 2386 tui
538 2354 595 2386 filii

263 2403 405 2438 Alleluia
431 2404 505 2438 dum
532 2404 703 2435 cantamus

946 1650 1086 1682 Alleluia
1108 1650 1260 1692 fidelium,

949 1697 1009 1728 Per
1034 1706 1125 1737 quam
1151 1698 1211 1729 Dei
1235 1699 1318 1730 inter
1340 1702 1449 1738 gentes

948 1744 1140 1776 Nuntiantur
1165 1755 1271 1777 omnes
1296 1746 1416 1777 laudes.

914 1848 921 1854 .
947 1821 1025 1861 Ave,
1051 1824 1162 1859 mater,
1190 1822 1240 1853 cui
1265 1821 1422 1861 redempti

946 1867 996 1899 De
1019 1869 1163 1900 manibus
1187 1869 1306 1900 inimici

947 1915 1056 1946 Induti
1079 1917 1162 1948 stola
1185 1917 1309 1957 gemina

946 1962 1074 2002 Duplex
1100 1963 1209 1995 dicunt
1231 1964 1381 1996 Alleluia.

913 2067 919 2073 .
947 2040 1025 2079 Ave,
1051 2044 1162 2079 mater,
1190 2048 1227 2071 ex
1254 2049 1314 2080 qua
1338 2040 1423 2072 Deus

945 2086 1123 2118 Deducitur
1147 2088 1327 2119 incarnatus

948 2134 986 2166 In
1009 2134 1160 2166 munitam
1187 2134 1346 2167 civitatem

944 2181 1109 2214 Ecclesiae
1132 2181 1261 2214 firmans
1286 2181 1391 2214 fidem.

887 2259 918 2292 8.
941 2258 1021 2297 Ave,
1049 2257 1089 2289 de
1114 2258 1201 2290 cuius
1225 2257 1291 2290 filio

942 2306 1040 2338 Pater
1062 2305 1173 2338 laudes
1196 2315 1259 2337 non
1282 2305 1391 2348 tacuit,

942 2354 1050 2393 lpsum
1076 2354 1148 2393 quia
1177 2354 1216 2386 de
1240 2353 1385 2393 sepulcro

943 2402 972 2433 A
997 2402 1127 2433 mortuis
1152 2401 1326 2434 suscitavit.

1238 2455 1296 2484 17*
