1650 2612
170 194 225 226 25.

170 597 224 629 26.

170 1002 225 1033 27.

167 1407 222 1438 28.

165 1810 221 1842 29.

165 2218 220 2251 30.

252 194 335 234 Iesu,
362 204 382 226 a
407 197 601 230 senacherib

298 241 410 273 Iudam
436 242 589 283 afflixisti,

252 287 350 326 Quem
377 289 610 323 confusibiliter

300 337 414 375 expost
438 337 593 378 occidisti,

252 381 315 413 Pro
341 391 402 422 quo
426 384 538 416 laudes
564 385 721 425 plurimae

301 429 417 462 dantur
442 431 474 462 in
500 432 561 463 hoc
584 433 717 473 psalmo,

252 474 306 507 Sic
329 485 387 507 nos
415 478 493 510 doce
519 477 626 511 facere

302 522 362 555 tibi
388 523 456 557 Deo
481 526 574 558 almo.

252 597 334 640 Iesu,
362 599 415 637 qui
440 601 647 639 praevideras

298 654 357 684 per
381 646 493 686 Asaph
519 646 658 679 futuram

252 691 337 723 Fore
361 693 591 734 Babylonicam

300 739 517 778 captivitatem
544 741 655 772 duram

251 785 317 817 Pro
343 787 548 827 orationeque

299 832 453 865 bonorum
478 833 660 874 finiendam,

255 879 317 911 Pro
344 880 445 919 culpis
470 881 596 921 quando
621 882 769 920 patimur,

301 926 407 958 tribue
432 928 607 961 emendam.

252 1002 334 1043 lesu,
361 1010 491 1042 regnum
515 1003 617 1035 Israel

297 1048 467 1080 ostendens
493 1050 654 1088 pertinere

251 1096 301 1127 Ad
328 1095 435 1128 David
461 1099 492 1127 et
516 1096 644 1127 minime

297 1142 338 1173 ad
363 1142 520 1181 Ephraim
547 1143 674 1183 debere,

250 1189 330 1220 Nam
358 1198 420 1221 non
444 1189 574 1228 Effrem,
601 1190 657 1221 sed
682 1190 765 1222 Iuda

297 1236 415 1268 tribum
442 1237 575 1276 elegisti,

249 1283 362 1314 Iudam
389 1283 583 1316 confidentes
609 1282 661 1315 fac

299 1339 368 1370 nos,
395 1339 472 1370 quos
498 1330 649 1363 dilexisti.

249 1405 333 1445 Iesu,
361 1406 415 1444 qui
437 1406 611 1438 Ierusalem

297 1452 485 1492 prophetico
510 1461 597 1484 more

247 1499 311 1530 Per
337 1498 631 1531 Nabuchodonosor

298 1547 525 1579 destruendam
550 1545 620 1578 fore

250 1593 414 1625 Praedicis
440 1596 471 1625 et
494 1602 552 1634 per
577 1594 696 1626 circum

295 1640 573 1681 reaedificandam,

250 1687 402 1719 Nostram
426 1689 551 1728 lapsam
576 1687 711 1719 animam

299 1735 382 1766 dona
406 1735 657 1767 restaurandam.

247 1811 331 1849 Iesu,
358 1813 445 1843 tuam
469 1811 593 1843 vineam

296 1858 350 1897 qui
375 1866 434 1897 per
458 1860 490 1889 te
515 1857 651 1890 visitasti

247 1905 292 1937 Et
315 1904 355 1936 ab
380 1905 532 1937 idolatria

294 1952 434 1985 liberans
459 1952 622 1993 plantasti,

247 1999 297 2031 De
323 2000 410 2031 caelo
436 1999 610 2039 respiciens

295 2056 315 2078 a
340 2047 434 2086 culpa
458 2056 515 2079 nos
541 2048 690 2077 converte

247 2095 277 2125 A
301 2094 472 2135 pravisque
496 2093 678 2133 aspectibus

295 2141 403 2173 oculos
429 2144 548 2174 averte.

246 2217 328 2257 lesu,
353 2216 466 2249 iubens
491 2225 586 2257 agere

294 2273 353 2303 pro
379 2262 534 2297 fructibus
561 2263 702 2295 collectis

248 2311 374 2350 Grates,
401 2315 497 2353 prout
521 2310 628 2343 facere

295 2359 438 2391 videmus
463 2369 483 2391 a.
506 2359 613 2398 rectis,

789 105 831 140 71

852 416 907 449 31.

853 820 907 852 32.

850 1222 904 1253 33.

846 1625 900 1657 34.

847 2029 901 2061 35.

934 202 1135 241 Quaesumus,
1157 211 1216 234 nos
1240 202 1334 234 refice

978 248 1073 289 adipe
1099 248 1247 281 frumenti

931 295 975 327 Et
1000 296 1038 327 <le
1062 299 1155 334 petra
1180 297 1261 328 satia

980 342 1073 373 melle
1097 342 1277 383 profluenti.

933 417 1015 457 Iesu,
1041 419 1094 457 qui
1118 418 1299 458 nequitiam,

978 464 1116 496 iudicum
1140 466 1294 497 malorum

932 511 1098 551 synagoga
1122 512 1226 552 arguis

981 565 1049 588 cum
1074 562 1140 590 stas
1164 559 1197 590 in
1221 559 1360 599 deorum,

932 603 998 635 Nos
1023 606 1155 643 pusillos
1180 605 1288 637 refove

978 653 1022 689 tu,
1049 660 1121 689 spes
1147 660 1324 692 egenorum,

933 697 974 728 Et
1001 697 1157 736 adoptans
1183 699 1262 739 elige

979 752 1067 782 spem
1092 745 1125 776 in
1149 744 1296 778 filiorum.

932 818 1015 858 Iesu,
1041 827 1132 857 quem
1158 823 1248 859 rogat
1271 821 1390 859 Asaph,

979 867 1014 895 ut
1038 865 1144 897 hostes
1170 867 1357 898 Iudaeorum

931 911 1034 951 Digne
1059 921 1117 952 pro
1143 913 1282 952 nequitia

976 958 1089 997 punias
1116 968 1232 1001 eorum,

931 1005 996 1036 Nos
1022 1014 1040 1036 a
1064 1007 1155 1037 malis
1182 1007 1279 1046 eripe,

977 1051 1031 1091 qui
1054 1052 1241 1093 impugnant
1265 1053 1370 1092 fidem,

933 1097 965 1129 Si
990 1099 1147 1131 nescimus
1172 1100 1269 1139 aliud,

977 1148 1082 1184 grates
1108 1147 1217 1178 damus
1242 1147 1378 1186 quidem.

931 1220 1013 1259 Iesu,
1040 1218 1277 1251 tabernaculum

978 1266 1113 1297 caeleste
1138 1268 1322 1308 concupisti,

930 1313 1057 1345 Docens
1082 1314 1134 1345 hic
1159 1317 1190 1345 et
1214 1315 1349 1354 qualiter

976 1360 1078 1399 possit
1104 1361 1249 1402 adipisci,

931 1406 1033 1448 Solve,
1062 1415 1188 1448 quaeso,
1215 1408 1372 1439 vinculum

978 1455 1106 1485 nostrae
1130 1455 1298 1494 pravitatis

928 1501 1113 1532 Perducens
1138 1502 1179 1532 ad
1203 1502 1335 1541 gloriam

975 1550 1049 1579 tuae
1074 1549 1241 1582 claritatis,

928 1624 1010 1662 Iesu,
1037 1625 1089 1663 qui
1112 1625 1165 1655 hic
1189 1625 1307 1664 gratias

973 1678 1032 1710 pro
1057 1680 1116 1710 per
1141 1674 1172 1702 te
1196 1670 1309 1703 fiendis

928 1717 1184 1749 Liberationibus

974 1764 1113 1803 agendas
1138 1765 1279 1796 ostendis

928 1810 972 1842 Et
995 1813 1068 1842 tuae
1092 1812 1276 1850 mysterium

975 1858 1212 1901 incarnationis,

928 1904 1042 1936 Funde
1065 1905 1099 1937 in
1124 1915 1180 1937 nos
1206 1906 1337 1945 gratiam

977 1952 1218 1985 benedictionis.

928 2028 1012 2070 Iesu,
1038 2036 1129 2067 quem
1153 2028 1207 2059 hic
1229 2028 1342 2060 iterum

976 2075 1008 2106 in
1034 2076 1254 2114 persecutione

930 2122 1033 2153 Saulis
1059 2125 1149 2163 rogat
1176 2123 1279 2154 David

976 2177 1034 2209 pro
1060 2169 1259 2211 liberatione,

928 2216 996 2248 Nos
1025 2225 1044 2249 a
1068 2218 1160 2249 malis
1186 2217 1283 2259 eripe,

974 2264 1027 2304 qui
1051 2273 1108 2297 nos
1133 2267 1354 2304 persequatur,

928 2310 1043 2343 Grates
1069 2321 1128 2344 non
1154 2312 1312 2344 immerito

975 2358 1035 2389 tibi
1060 2361 1135 2391 tunc
1162 2359 1317 2391 dicuntur.
