1650 2612
167 212 225 245 42.

164 610 221 643 43.

160 1006 215 1038 44.

159 1405 214 1435 45.

155 1793 210 1825 46.

671 122 925 157 -243—

252 213 332 254 Ave,
362 216 448 247 cuius
473 217 612 249 thalamo

296 261 392 294 iudex
419 266 467 294 est
491 272 646 305 egressus,

250 307 368 340 Causas
394 310 447 349 qui
473 311 662 343 determinet

295 355 439 388 iudicans
465 366 623 399 excessuS,

248 401 311 433 Per
336 412 429 443 quam
454 406 569 437 mentis
595 406 703 437 oculus

294 451 434 482 tenebris
458 460 629 491 oppressus

247 496 369 538 Discat,
395 500 432 528 ut
454 499 488 530 in
513 500 631 531 lumine

293 553 366 576 suos
391 548 490 585 ponat
513 555 650 586 gressus.

247 610 327 650 Ave,
354 612 456 642 mater
482 611 618 653 Domini,

292 666 373 696 quae
397 666 453 689 nos
480 657 642 699 adflixisti,

245 704 327 743 Quid
353 708 437 736 tuam
462 706 673 744 praesentiam

291 752 382 783 nobis
408 751 619 784 subtraxisti?

243 798 333 840 Veni,
359 801 461 831 mater
486 799 624 840 Domini,

291 855 390 886 quare
416 846 594 878 distulisti!

243 892 358 925 Redde
382 893 473 927 nobis
499 893 610 936 filium,

292 950 383 981 quem
410 943 445 972 tu
469 942 614 980 genuisti.

242 1007 322 1048 Ave,
347 1008 436 1046 virgo
462 1007 628 1050 virginum,

291 1054 423 1086 verbum
451 1054 649 1086 incarnatum

243 1101 381 1133 Eructas
407 1102 440 1133 in
467 1105 609 1141 tempore

290 1149 329 1180 de
353 1152 385 1180 te
409 1151 609 1187 procreatum

240 1195 285 1227 Et
309 1196 399 1228 vides
420 1196 454 1226 in
479 1196 579 1235 gloria

290 1243 337 1274 sic
361 1241 582 1283 glorificatum,

242 1290 331 1328 Quod
359 1289 527 1322 obumbrat
552 1291 687 1329 penitus,

287 1337 442 1377 quidquid
468 1340 517 1368 est
541 1340 690 1370 creatum.

239 1404 319 1444 Ave,
347 1411 427 1444 quae
451 1401 608 1443 refugium

287 1454 427 1482 nostrum
456 1450 606 1493 evocasti,

239 1498 290 1530 De
312 1499 408 1531 caelis
436 1498 630 1529 descendere

289 1546 330 1578 ad
354 1548 473 1577 terram
499 1544 615 1587 fecisti,

240 1594 418 1626 Adversum
445 1601 502 1623 nos
527 1591 625 1623 fuerit

287 1641 314 1672 si
339 1640 468 1672 turbata
492 1642 588 1679 terra,

238 1689 284 1720 Te
307 1688 438 1720 iuvante
462 1686 522 1718 filii

286 1736 395 1767 statim
420 1737 525 1766 cessat
546 1733 603 1765 ira.

233 1794 313 1832 Ave,
341 1792 428 1824 cuius
453 1790 537 1822 filius

286 1840 423 1872 iubilans
448 1838 604 1879 ascendit,

239 1889 404 1921 scandens
428 1895 526 1926 super
549 1886 658 1917 sidera,

283 1936 376 1968 nobis
400 1933 463 1966 iter
486 1933 601 1973 pandit

843 426 898 458 47.

843 821 897 852 48.

840 1215 896 1246 49.

839 1603 892 1634 50.

924 219 967 250 Et
993 220 1091 252 corda
1115 218 1254 250 fidelium

974 268 1104 299 caelitus
1128 265 1275 297 accendit

924 314 1142 353 Mundumque
1166 321 1224 352 per
1248 311 1393 351 spiritum

972 364 1115 393 sanctum
1137 359 1352 399 reprehendit.

924 427 1003 466 Ave,
1029 426 1138 457 mundi
1163 425 1298 463 domina,

970 474 1119 504 miserere
1144 472 1254 513 nostri,

923 519 972 550 Tu
997 529 1076 559 quae
1100 520 1168 551 sola
1193 519 1307 550 diceris

971 571 1074 598 mater
1098 566 1170 597 Iesu
1197 566 1326 605 Christi,

925 613 986 645 Per
1010 616 1042 645 te
1067 622 1156 645 casus
1181 613 1285 653 patuit

972 660 1148 692 sanctitatis
1174 660 1266 699 hosti,

925 706 1043 739 Contra
1067 715 1158 748 quem
1183 707 1332 738 auxilium

969 758 1107 794 praesta,
1133 755 1214 785 sicut
1240 753 1331 786 nosti.

924 820 1004 860 Ave,
1027 823 1128 852 mater
1152 820 1283 851 audiens

968 868 1101 908 gemitus
1125 867 1287 909 iustorum,

926 914 1025 945 Simul
1051 918 1083 946 et
1106 914 1291 954 intellegens

971 970 1062 993 voces
1091 961 1285 999 miserorum,

922 1008 952 1039 A
976 1007 1126 1047 perfectis
1150 1016 1312 1039 removens

969 1056 1036 1086 vias
1061 1055 1280 1086 scandalorum

920 1101 1027 1141 Atque
1050 1110 1106 1133 nos
1131 1102 1290 1133 associans

970 1149 1072 1180 choris
1098 1149 1290 1188 angelorum.

923 1215 1002 1254 Ave,
1026 1215 1115 1253 virgo
1139 1214 1305 1253 virginum,

968 1262 1131 1300 speculum
1158 1261 1290 1302 decoris,

919 1308 1026 1340 Mater
1051 1308 1294 1339 clementissima

967 1356 1068 1386 nostri
1093 1355 1315 1394 redemptoris,

921 1403 1067 1434 Animam
1092 1401 1254 1433 sanctifica

965 1450 1026 1481 mei
1050 1449 1236 1490 peccatoris,

918 1496 964 1529 Ut
987 1497 1098 1528 videre
1121 1497 1244 1528 valeam

964 1545 1084 1576 vultum
1111 1543 1272 1575 creatoris.

919 1601 998 1639 Ave,
1026 1603 1136 1632 nostra
1161 1600 1272 1640 gloria,

968 1651 1070 1679 mater
1094 1647 1258 1688 honorata,

917 1696 956 1728 ln
980 1694 1207 1726 misericordiis

964 1742 1032 1774 Deo
1059 1745 1251 1784 consecrata,

919 1789 969 1821 Sis
994 1790 1035 1821 ad
1061 1792 1131 1820 tuos
1156 1789 1298 1820 servulos

964 1846 1090 1877 semper
1111 1836 1272 1879 inclinata,

917 1884 962 1916 Ut
985 1894 1042 1916 nos
1065 1884 1197 1915 mundes
1221 1883 1346 1927 iugiter,

966 1932 1110 1972 quotiens
1134 1933 1257 1963 vocata.

528 1999 724 2032 Secunda
748 1998 1061 2038 Quinquagena.

200 2085 207 2092 .
232 2060 314 2099 Ave,
340 2059 401 2091 Dei
426 2056 544 2096 baiula,

280 2115 405 2147 semper
425 2104 572 2145 gloriaris

232 2155 270 2187 ln
297 2154 378 2186 caeli
401 2152 532 2194 palatio,

278 2202 334 2234 ubi
360 2200 542 2242 deprecaris

233 2250 335 2282 Tuum
362 2244 511 2293 [dulcem]
538 2246 647 2289 filium,

279 2307 350 2329 cum
377 2305 438 2338 quo
462 2294 658 2335 iucundaris,

229 2346 273 2378 Et
299 2345 345 2377 sic
369 2343 461 2377 nobis
486 2342 611 2375 miseris

279 2393 415 2425 clemens
441 2390 616 2423 inclinaris

859 2057 890 2089 2.

916 2056 996 2094 Ave,
1025 2055 1085 2087 Dei
1110 2055 1263 2095 genetrix,

961 2107 995 2135 tu
1021 2102 1097 2135 mihi
1121 2102 1245 2134 dixisti:

912 2151 987 2183 Mea
1010 2152 1121 2182 sancta
1144 2150 1251 2182 studia

960 2207 1058 2239 quare
1082 2196 1263 2237 reliquisti?

915 2246 1018 2285 Quare
1042 2245 1253 2278 eonscientiae

960 2294 1046 2334 leges
1074 2293 1244 2327 dimisisti?

913 2342 976 2374 Hic
999 2349 1104 2374 assum
1128 2340 1278 2382 propitia,

960 2389 988 2421 si
1011 2388 1203 2430 paenituisti.

1212 2441 1267 2472 16*
