1650 2612
692 88 926 122 „50—

180 187 237 219 47.
262 185 344 227 Ave,
368 183 453 224 Iesu,
480 184 528 215 6111
552 183 674 216 cantica

263 231 356 263 Nova
381 231 465 262 dulci
490 239 558 262 cum
583 230 701 262 musica

308 278 465 309 Decantat
489 278 631 315 ecclesia,

261 324 344 356 Nam
366 324 478 356 laudes
503 327 536 355 et
558 322 728 363 praeconia

263 371 479 410 Solemnisque
503 370 625 401 laetitia

307 417 465 449 Decantat
487 424 546 457 per
569 415 682 448 omnia.

180 493 236 525 48.
262 493 341 531 Ave,
367 491 496 522 verbum
521 489 675 530 mirabile,

261 537 384 569 Nomen
407 537 632 576 inenarrabile,

309 584 457 616 Sanctum
481 586 512 615 et
537 583 688 623 terribile,

262 631 325 663 Per
346 631 429 671 quod
454 631 588 663 mundus
612 630 782 667 stabilitur,

263 678 362 709 Porta
386 678 467 709 caeli
490 678 634 716 aperitur

310 726 426 757 Potens
451 727 481 756 et
504 723 676 757 laudabile.

852 183 907 214 49.

933 183 1015 220 Ave,
1041 181 1095 222 qui
1116 181 1220 213 cordis
1244 180 1343 211 iubilo

932 229 1073 261 Mentem
1099 229 1252 259 emundas
1274 224 1383 258 nubilo

979 275 1091 306 Noctis
1116 277 1148 305 et
1171 273 1321 315 invidiae,

933 321 1023 355 Caeli
1046 320 1175 361 patefac
1199 320 1331 358 aditum,

932 368 978 400 Ut
1000 370 1075 407 post
1099 367 1202 398 carnis
1230 364 1406 405 depositum

979 414 1067 445 Luce
1090 412 1233 446 fruamur
1256 412 1385 452 gloriae.

854 491 910 522 50.
934 490 1014 532 Ave,
1039 489 1121 528 Iesu,
1147 489 1201 528 qui
1225 487 1379 528 timorem,

934 536 1121 575 Superbiam
1146 538 1178 566 et
1200 535 1332 567 livorem

981 582 1160 614 Detestaris
1185 582 1329 622 hominis,

937 631 1043 668 Purga
1066 638 1117 661 me
1139 629 1178 661 ab
1203 629 1373 670 illecebriS,

937 677 982 709 Ut
1007 679 1089 717 actu,
1113 680 1229 715 mente,
1256 675 1428 717 palpebris,

982 724 1118 755 Paveam
1142 724 1224 755 viam
1251 723 1399 755 criminis.

577 808 727 839 Tertia
751 807 1058 847 Quinquagena.

184 875 215 906 1.
240 873 320 914 Ave,
346 874 427 916 lesu,
454 873 507 913 qui
530 873 680 912 temporis

239 921 275 952 In
298 919 363 951 fine
384 921 487 951 nostri
510 920 652 959 corporis

287 968 492 1007 Assumptam
515 967 680 1006 imaginem

241 1013 445 1045 Transtulisti
468 1013 510 1045 ad
534 1014 649 1055 sidera,

243 1060 393 1099 Supernis
417 1063 595 1091 monstrans
619 1060 751 1091 vulnera

288 1107 460 1145 Assumpta
472 1109 605 1146 propter
616 1106 783 1138 hominem.

186 1182 216 1213 2.
243 1182 321 1222 Ave,
347 1189 525 1219 supremum
548 1181 704 1223 gaudium,

243 1228 301 1265 Qui
325 1230 465 1259 nostrum
491 1228 682 1260 desiderium

286 1273 383 1306 Sanas
407 1275 441 1305 in
463 1275 651 1313 hominibuS,

241 1320 298 1357 Tu,
323 1320 420 1360 Deus,
447 1329 479 1352 es
504 1320 658 1361 refugium

242 1367 427 1399 Ministrans
452 1367 642 1399 adiutorium

310 1414 348 1445 In
371 1417 404 1445 te
429 1413 668 1446 confidentibus

182 1490 213 1522 3.
238 1490 321 1528 Ave,
347 1489 429 1530 Iesu,
456 1488 509 1528 qui
533 1490 677 1528 spiritum

240 1536 291 1567 De
314 1535 441 1567 sublimi
464 1536 651 1575 paraclitum

288 1582 489 1614 Transmittis
514 1582 700 1624 hominibus,

243 1629 325 1662 Olim
349 1630 470 1668 linguas
497 1628 643 1668 divisisti,

242 1675 309 1708 Has
333 1676 366 1707 111
390 1685 482 1707 11113111
510 1676 665 1716 collegisti

285 1722 413 1755 Ultimis
437 1723 641 1763 temporibus.

184 1800 215 1831 4.
240 1799 321 1835 Ave,
349 1800 451 1839 petra,
478 1798 518 1830 de
542 1807 603 1838 qua
625 1802 734 1830 manat

240 1845 452 1888 Medicamen,
480 1846 564 1885 quod
586 1854 643 1877 nos
668 1848 760 1877 sanat

287 1892 325 1923 111
347 1892 558 1931 oboedientia,

242 1938 344 1978 Super
367 1941 490 1978 petram
513 1938 595 1969 hanc
619 1936 751 1970 fundata

241 1984 361 2016 Nostra
383 1988 484 2016 mater
508 1984 676 2016 benedicta

292 2031 442 2063 Noscitur
466 2032 609 2064 ecclesia.

185 2099 216 2130 5.
241 2098 321 2140 Ave,
348 2097 430 2137 Iesu,
458 2097 521 2128 dux
545 2098 690 2138 omnium,

240 2143 319 2176 Flos
346 2146 378 2175 et
403 2143 497 2175 decus
522 2144 730 2184 regnantium,

289 2190 355 2229 Quo
380 2194 531 2230 reguntur
555 2190 668 2230 omnia,

242 2239 289 2270 Te
312 2238 472 2269 victimam
495 2236 639 2270 obtulisti

242 2285 332 2317 Patri
354 2285 513 2325 mundam,
540 2285 624 2324 quod
648 2282 753 2316 fecisti

289 2333 352 2364 Per
377 2332 477 2364 crucis
502 2331 666 2372 supplicia.

876 874 906 906 6.

857 2098 910 2130 10.

932 874 1012 912 Ave,
1037 874 1090 913 qui
1114 872 1293 905 sitientibus

933 921 1057 960 Potum,
1078 918 1289 951 esurientibus

981 966 1095 998 Escam
1122 967 1178 997 das
1204 968 1236 997 et
1259 966 1380 1005 avibuS‚

935 1014 1082 1046 Summae
1105 1012 1180 1044 Sion
1207 1013 1366 1044 civitatem

935 1060 1011 1091 Tuis
1037 1058 1154 1097 confer,
1182 1060 1359 1091 claritatem

981 1106 1059 1137 Eius
1085 1106 1167 1138 dona
1191 1105 1354 1138 fratribus.

902 1206 910 1212 .
935 1182 1014 1222 Ave,
1039 1181 1121 1222 Iesu,
1147 1189 1249 1212 meum
1273 1189 1352 1220 para

936 1228 997 1259 Cor
1022 1231 1053 1258 et.
1077 1235 1178 1270 renes,
1205 1230 1241 1259 ut
1263 1228 1298 1258 in
1321 1236 1377 1259 ara

982 1273 1090 1306 Crucis
1115 1274 1178 1305 Dei
1202 1274 1302 1306 filium

935 1321 981 1352 Te
1006 1329 1190 1360 cognoscam
1215 1329 1284 1352 cum
1310 1329 1426 1360 amore,

934 1368 1002 1399 Tuo
1028 1375 1151 1399 mercer
1175 1372 1206 1399 et
1231 1368 1350 1399 honore

986 1413 1101 1446 Cursus
1125 1415 1173 1445 tui
1193 1415 1349 1447 bravium.

901 1513 909 1519 .
935 1490 1014 1526 Ave,
1041 1490 1127 1521 cuius
1151 1489 1302 1521 ieiunium

934 1536 1087 1567 Nostrum
1112 1535 1173 1567 fuit
1195 1536 1368 1567 remedium

982 1582 1163 1621 Nostraque
1185 1581 1328 1621 refectio,

936 1629 1003 1661 Nos
1028 1629 1142 1669 pupilli
1168 1630 1235 1661 sine
1259 1632 1352 1668 patre

936 1676 1097 1717 Degimus,
1122 1685 1185 1707 non
1206 1676 1275 1708 sine
1298 1679 1401 1709 matre

983 1723 1047 1756 Sub
1072 1726 1126 1756 tuo
1153 1723 1299 1756 dominio.

902 1823 910 1831 .
935 1799 1014 1837 Ave,
1041 1798 1168 1836 praesul
1194 1801 1226 1829 et
1249 1798 1388 1839 victima,

937 1845 1063 1876 Peccati
1087 1852 1146 1884 per
1170 1853 1261 1884 quem
1287 1847 1393 1877 anima

983 1890 1124 1923 Solvitur
1148 1900 1168 1922 a
1191 1893 1333 1933 maculis,

936 1939 990 1969 Ad
1016 1937 1159 1969 dextram
1183 1939 1285 1978 patris
1311 1940 1444 1981 resides,

938 1985 1072 2016 Cunctos
1099 1986 1256 2017 excellens
1281 1988 1446 2025 praesides

982 2031 1064 2063 Auri
1089 2031 1209 2063 cinctus
1236 2033 1382 2073 cingulis.

936 2097 1017 2134 Ave,
1043 2096 1144 2137 patris
1169 2098 1349 2139 prudentia,

939 2144 1057 2176 Contra
1082 2152 1173 2183 quem
1198 2145 1354 2184 sapientia

987 2190 1133 2223 Humana
1156 2191 1235 2223 nihil
1259 2192 1395 2232 proficit,

938 2238 1009 2269 Duc
1031 2246 1089 2269 nos
1113 2246 1226 2277 regens
1249 2239 1292 2270 ad
1315 2241 1442 2282 gaudia,

939 2285 1053 2324 Ducat,
1079 2284 1133 2316 ubi
1158 2285 1312 2324 spurcitia

984 2330 1094 2363 Foeda
1117 2332 1236 2363 nullum
1260 2334 1392 2371 pellicit.
