1650 2612
434 221 489 253 39.

433 437 491 470 40.

433 663 489 697 41.

433 889 488 921 42.

431 1114 488 1147 43.

430 1340 487 1373 44.

428 1566 485 1598 45.

429 1793 486 1825 46.

428 2021 485 2055 47.

426 2249 482 2281 48.

737 125 969 161 -95—

515 221 595 260 Ave,
621 230 713 260 quem
736 222 922 256 iamdudum
946 224 1133 262 exspectans
1158 222 1343 261 exspectavi

515 267 560 299 Et
583 276 676 306 quem
698 267 834 301 fundens
857 278 969 310 preces
993 269 1096 301 cordis
1120 269 1309 309 desideravi,

514 314 652 347 Intende
676 317 709 346 te
733 316 872 358 tandem,
899 325 1023 359 quaeso,
1050 316 1128 348 mihi
1151 318 1184 348 et
1207 316 1282 347 audi

519 360 661 393 Gemitus
687 362 867 402 plangentis
891 364 1003 404 populi
1027 366 1059 394 et
1084 363 1208 396 exaudi.

512 436 594 478 Ave,
620 436 703 476 Iesu,
729 438 782 477 qui
806 438 924 470 liberas
949 439 1085 479 inopem,

517 484 658 523 Pauperi
683 486 716 515 et
738 492 836 526 egeno
862 484 967 517 ferens
992 494 1093 528 opem,

517 530 635 562 Libera
659 540 728 572 nos,
755 540 881 572 quaeso,
906 532 939 564 in
965 533 1017 564 die
1041 532 1133 573 mala,

517 577 595 610 Cum
620 578 727 609 cuncti
751 578 907 611 subicient
929 579 989 611 tibi
1014 580 1104 611 colla.

514 663 594 702 Ave,
622 662 705 702 Iesu,
732 663 786 702 qui
810 661 881 694 fons
907 671 939 694 es
967 663 1206 703 desiderandus,

514 709 568 741 Ad
597 717 689 748 quem
715 717 825 741 cervus
851 708 931 749 fugit
955 710 1055 741 omnis
1080 709 1269 753 sitibundus,

516 755 716 797 Nostrarum,
742 763 939 796 quaesumus,
965 756 1051 788 sitim
1075 756 1249 787 animarum

513 802 692 843 Exstingue
715 802 859 834 tribuens
885 802 1008 835 veniam
1033 803 1205 843 culparum.

512 888 593 927 Ave,
618 887 700 919 lucis
724 896 819 920 verae
843 890 954 927 mater,

514 935 614 975 Quam
639 934 744 966 emisit
767 934 853 966 Deus
878 937 979 974 pater,

512 982 589 1021 Ipsa
613 990 710 1021 super
734 984 766 1013 te
792 982 926 1014 deduxit

513 1028 559 1061 Et
582 1028 625 1060 ad
648 1030 787 1060 montem
811 1030 957 1060 sanetum
983 1028 1083 1060 duxit.

513 1113 594 1152 Ave,
619 1111 702 1155 Iesu,
730 1112 817 1144 euius
844 1122 923 1153 opus
948 1112 1094 1144 mirabile

512 1161 619 1199 Atque
644 1159 772 1192 auribus
796 1160 914 1191 nostris
941 1159 1140 1200 delectabile,

514 1207 642 1238 Nostris
667 1216 687 1239 a
711 1207 856 1248 patribus
881 1207 972 1238 nobis
996 1207 1184 1243 nuntiatum,

515 1253 667 1287 Omnibus
691 1254 832 1286 salutare
856 1256 950 1294 atque
975 1257 1109 1295 gratum.

513 1340 594 1378 Ave,
619 1339 694 1371 Iesu
718 1339 780 1382 pie,
810 1338 873 1371 Dei
896 1339 999 1379 patris
1024 1338 1166 1379 verbum,

514 1387 612 1426 Quem
638 1386 720 1419 vidit
743 1386 873 1426 Moyses
897 1395 960 1418 non
984 1388 1127 1417 urentem
1153 1386 1276 1424 rubum,

512 1433 587 1465 Tibi
611 1442 696 1466 nune
722 1434 793 1466 dieo
819 1442 918 1474 opera
942 1442 1013 1465 mea
1037 1433 1115 1474 regi,

513 1481 572 1520 Qui
598 1481 695 1523 solus,
722 1479 835 1519 fateor,
862 1481 916 1512 hie
943 1480 1039 1512 debes
1066 1480 1166 1520 diligi.

510 1566 590 1608 Ave,
616 1565 698 1603 Iesu,
725 1563 882 1605 refugium
905 1568 1049 1596 nostrum
1072 1568 1103 1596 et
1127 1565 1239 1606 virtus,

512 1612 633 1652 ignitos
659 1613 763 1644 carnis
787 1615 918 1644 nostrae
944 1613 1108 1652 exstingue
1131 1612 1276 1655 impetuS,

514 1659 628 1692 Cordis
653 1659 764 1691 sordes
789 1662 843 1691 tuo
864 1668 955 1691 sacro
979 1660 1053 1692 lava
1075 1658 1213 1697 flumine,

515 1706 562 1740 Ut
584 1706 618 1737 in
644 1709 697 1738 tuo
720 1707 847 1739 tandem
876 1707 1066 1738 exsultemus
1088 1707 1223 1741 nomine.

511 1792 593 1831 Ave,
618 1791 653 1823 in
679 1800 770 1831 quem
796 1800 903 1823 omnes
929 1791 1089 1823 exsultant
1112 1794 1231 1833 gentes,

511 1839 592 1871 Eius
617 1838 729 1870 laudes
754 1839 787 1870 in
814 1838 911 1870 eorde
934 1838 1115 1878 iubilantes,

513 1884 616 1927 Quem
639 1894 787 1926 magnum
812 1884 954 1918 fatentur
979 1887 1010 1917 et
1034 1885 1220 1925 terribilem,

512 1933 583 1966 Suis
608 1934 642 1965 in
668 1933 816 1973 operibus
841 1932 1029 1966 mirabilem.

510 2021 591 2063 Ave,
620 2019 674 2060 qui
698 2028 830 2059 magnus
856 2027 889 2050 es
915 2021 947 2050 et
971 2018 1153 2060 laudabilis,

511 2068 549 2101 In
574 2066 693 2099 sanctis
718 2066 781 2098 tuis
805 2066 901 2098 valde
923 2065 1070 2106 affabilis,

511 2116 610 2155 Quem
636 2114 763 2147 Simeon
787 2114 929 2154 suscepit
952 2114 986 2145 in
1010 2113 1140 2154 templo,

511 2163 591 2203 Tuo,
618 2161 680 2204 fae,
705 2160 908 2202 proficiamus
935 2161 1089 2201 exemplo.

510 2250 591 2290 Ave,
618 2249 700 2286 Iesu,
726 2247 813 2279 cuius
839 2250 947 2287 gentes
973 2247 1161 2287 sapientiam

509 2296 667 2338 Audiunt,
694 2303 851 2335 pauperes
878 2296 910 2326 et
932 2294 1025 2334 inops
1051 2294 1251 2334 prudentiae,

509 2344 556 2377 Te
578 2343 772 2384 laudantem,
797 2342 882 2384 Iesu,
907 2342 990 2374 hane
1018 2342 1142 2382 respice
1166 2342 1302 2384 plebem,

510 2392 572 2432 Qui
596 2394 650 2424 tuo
675 2392 755 2424 nutu
775 2390 916 2433 amplum
940 2390 1025 2422 hune
1048 2391 1132 2430 regis
1156 2389 1275 2421 orbem.
