<?xml version="1.0" encoding="UTF-8"?>
<!DOCTYPE html PUBLIC "-//W3C//DTD XHTML 1.0 Transitional//EN"
    "http://www.w3.org/TR/xhtml1/DTD/xhtml1-transitional.dtd">
<html xmlns="http://www.w3.org/1999/xhtml" xml:lang="en" lang="en">
 <head>
  <title>
</title>
<meta http-equiv="Content-Type" content="text/html;charset=utf-8" />
  <meta name='ocr-system' content='tesseract 3.04.00' />
  <meta name='ocr-capabilities' content='ocr_page ocr_carea ocr_par ocr_line ocrx_word'/>
</head>
<body>
  <div class='ocr_page' id='page_1' title='image "./analectahymnica35drevuoft_00178.png"; bbox 0 0 1650 2612; ppageno 0'>
   <div class='ocr_carea' id='block_1_1' title="bbox 173 1342 227 1376">
    <p class='ocr_par' dir='ltr' id='par_1_1' title="bbox 173 1342 227 1376">
     <span class='ocr_line' id='line_1_1' title="bbox 173 1342 227 1376; baseline 0.037 -2"><span class='ocrx_word' id='word_1_1' title='bbox 173 1342 227 1376; x_wconf 84' lang='lat'>10.</span> 
     </span>
    </p>
   </div>
   <div class='ocr_carea' id='block_1_2' title="bbox 169 1569 223 1602">
    <p class='ocr_par' dir='ltr' id='par_1_2' title="bbox 169 1569 223 1602">
     <span class='ocr_line' id='line_1_2' title="bbox 169 1569 223 1602; baseline 0 -1"><span class='ocrx_word' id='word_1_2' title='bbox 169 1569 223 1602; x_wconf 84' lang='lat'>11.</span> 
     </span>
    </p>
   </div>
   <div class='ocr_carea' id='block_1_3' title="bbox 171 1797 224 1829">
    <p class='ocr_par' dir='ltr' id='par_1_3' title="bbox 171 1797 224 1829">
     <span class='ocr_line' id='line_1_3' title="bbox 171 1797 224 1829; baseline 0 0"><span class='ocrx_word' id='word_1_3' title='bbox 171 1797 224 1829; x_wconf 99' lang='lat'>12.</span> 
     </span>
    </p>
   </div>
   <div class='ocr_carea' id='block_1_4' title="bbox 168 2026 222 2060">
    <p class='ocr_par' dir='ltr' id='par_1_4' title="bbox 168 2026 222 2060">
     <span class='ocr_line' id='line_1_4' title="bbox 168 2026 222 2060; baseline 0.019 -1"><span class='ocrx_word' id='word_1_4' title='bbox 168 2026 222 2060; x_wconf 85' lang='lat'>13.</span> 
     </span>
    </p>
   </div>
   <div class='ocr_carea' id='block_1_5' title="bbox 167 2245 222 2278">
    <p class='ocr_par' dir='ltr' id='par_1_5' title="bbox 167 2245 222 2278">
     <span class='ocr_line' id='line_1_5' title="bbox 167 2245 222 2278; baseline -0.018 0"><span class='ocrx_word' id='word_1_5' title='bbox 167 2245 222 2278; x_wconf 88' lang='lat'>14.</span> 
     </span>
    </p>
   </div>
   <div class='ocr_carea' id='block_1_6' title="bbox 681 113 938 150">
    <p class='ocr_par' dir='ltr' id='par_1_6' title="bbox 681 113 938 150">
     <span class='ocr_line' id='line_1_6' title="bbox 681 113 938 150; baseline -0.008 0"><span class='ocrx_word' id='word_1_6' title='bbox 681 113 938 150; x_wconf 84' lang='lat'>—175—</span> 
     </span>
    </p>
   </div>
   <div class='ocr_carea' id='block_1_7' title="bbox 218 207 710 252">
    <p class='ocr_par' dir='ltr' id='par_1_7' title="bbox 218 207 710 252">
     <span class='ocr_line' id='line_1_7' title="bbox 218 207 710 252; baseline 0.002 -11"><span class='ocrx_word' id='word_1_7' title='bbox 218 235 225 241; x_wconf 94' lang='lat'>.</span> <span class='ocrx_word' id='word_1_8' title='bbox 254 207 357 248; x_wconf 82' lang='lat' dir='ltr'>Salve,</span> <span class='ocrx_word' id='word_1_9' title='bbox 383 208 482 252; x_wconf 83' lang='lat' dir='ltr'>virgo,</span> <span class='ocrx_word' id='word_1_10' title='bbox 510 210 550 242; x_wconf 88' lang='lat' dir='ltr'>da</span> <span class='ocrx_word' id='word_1_11' title='bbox 574 213 606 241; x_wconf 86' lang='lat' dir='ltr'>te</span> <span class='ocrx_word' id='word_1_12' title='bbox 631 211 710 242; x_wconf 83' lang='lat' dir='ltr'>duce</span> 
     </span>
    </p>
   </div>
   <div class='ocr_carea' id='block_1_8' title="bbox 251 256 742 392">
    <p class='ocr_par' dir='ltr' id='par_1_8' title="bbox 251 256 742 392">
     <span class='ocr_line' id='line_1_8' title="bbox 252 256 669 298; baseline 0.002 -10"><span class='ocrx_word' id='word_1_13' title='bbox 252 256 306 288; x_wconf 84' lang='lat' dir='ltr'>Me</span> <span class='ocrx_word' id='word_1_14' title='bbox 332 257 476 289; x_wconf 83' lang='lat' dir='ltr'>vivorum</span> <span class='ocrx_word' id='word_1_15' title='bbox 501 256 565 288; x_wconf 88' lang='lat' dir='ltr'>frui</span> <span class='ocrx_word' id='word_1_16' title='bbox 589 258 669 298; x_wconf 86' lang='lat' dir='ltr'>luce,</span> 
     </span>
     <span class='ocr_line' id='line_1_9' title="bbox 252 302 742 344; baseline 0.008 -10"><span class='ocrx_word' id='word_1_17' title='bbox 252 302 290 334; x_wconf 90' lang='lat' dir='ltr'>In</span> <span class='ocrx_word' id='word_1_18' title='bbox 315 312 377 343; x_wconf 79' lang='lat' dir='ltr'>qua</span> <span class='ocrx_word' id='word_1_19' title='bbox 402 306 512 342; x_wconf 87' lang='lat' dir='ltr'>raptus</span> <span class='ocrx_word' id='word_1_20' title='bbox 537 306 578 337; x_wconf 88' lang='lat' dir='ltr'>ad</span> <span class='ocrx_word' id='word_1_21' title='bbox 604 313 742 344; x_wconf 86' lang='lat' dir='ltr'>superna</span> 
     </span>
     <span class='ocr_line' id='line_1_10' title="bbox 251 349 682 392; baseline 0.009 -10"><span class='ocrx_word' id='word_1_22' title='bbox 251 350 326 382; x_wconf 82' lang='lat' dir='ltr'>Vita</span> <span class='ocrx_word' id='word_1_23' title='bbox 351 349 455 383; x_wconf 89' lang='lat' dir='ltr'>vivam</span> <span class='ocrx_word' id='word_1_24' title='bbox 480 353 682 392; x_wconf 83' lang='lat' dir='ltr'>sempiterna.</span> 
     </span>
    </p>
   </div>
   <div class='ocr_carea' id='block_1_9' title="bbox 220 434 658 477">
    <p class='ocr_par' dir='ltr' id='par_1_9' title="bbox 220 434 658 477">
     <span class='ocr_line' id='line_1_11' title="bbox 220 434 658 477; baseline 0.007 -12"><span class='ocrx_word' id='word_1_25' title='bbox 220 459 226 465; x_wconf 96' lang='lat'>.</span> <span class='ocrx_word' id='word_1_26' title='bbox 254 434 360 477; x_wconf 83' lang='lat' dir='ltr'>Salve,</span> <span class='ocrx_word' id='word_1_27' title='bbox 386 435 476 475; x_wconf 88' lang='lat' dir='ltr'>virgo</span> <span class='ocrx_word' id='word_1_28' title='bbox 501 437 658 477; x_wconf 85' lang='lat' dir='ltr'>specialis,</span> 
     </span>
    </p>
   </div>
   <div class='ocr_carea' id='block_1_10' title="bbox 252 482 680 617">
    <p class='ocr_par' dir='ltr' id='par_1_10' title="bbox 252 482 680 617">
     <span class='ocr_line' id='line_1_12' title="bbox 252 482 680 522; baseline 0.005 -9"><span class='ocrx_word' id='word_1_29' title='bbox 252 482 340 513; x_wconf 88' lang='lat' dir='ltr'>Fove</span> <span class='ocrx_word' id='word_1_30' title='bbox 364 482 427 513; x_wconf 88' lang='lat' dir='ltr'>tuis</span> <span class='ocrx_word' id='word_1_31' title='bbox 452 491 503 514; x_wconf 89' lang='lat' dir='ltr'>me</span> <span class='ocrx_word' id='word_1_32' title='bbox 525 484 582 515; x_wconf 88' lang='lat' dir='ltr'>sub</span> <span class='ocrx_word' id='word_1_33' title='bbox 611 484 680 522; x_wconf 87' lang='lat' dir='ltr'>alis,</span> 
     </span>
     <span class='ocr_line' id='line_1_13' title="bbox 253 528 662 562; baseline 0.002 -1"><span class='ocrx_word' id='word_1_34' title='bbox 253 528 336 561; x_wconf 86' lang='lat' dir='ltr'>Sede</span> <span class='ocrx_word' id='word_1_35' title='bbox 361 528 450 560; x_wconf 88' lang='lat' dir='ltr'>fruar</span> <span class='ocrx_word' id='word_1_36' title='bbox 473 533 508 561; x_wconf 87' lang='lat' dir='ltr'>ut</span> <span class='ocrx_word' id='word_1_37' title='bbox 531 539 662 562; x_wconf 87' lang='lat' dir='ltr'>amoena</span> 
     </span>
     <span class='ocr_line' id='line_1_14' title="bbox 252 575 657 617; baseline 0.005 -10"><span class='ocrx_word' id='word_1_38' title='bbox 252 575 297 607; x_wconf 88' lang='lat' dir='ltr'>Et</span> <span class='ocrx_word' id='word_1_39' title='bbox 321 577 427 616; x_wconf 83' lang='lat' dir='ltr'>quieta</span> <span class='ocrx_word' id='word_1_40' title='bbox 450 586 529 616; x_wconf 85' lang='lat' dir='ltr'>pace</span> <span class='ocrx_word' id='word_1_41' title='bbox 554 579 657 617; x_wconf 88' lang='lat' dir='ltr'>plena.</span> 
     </span>
    </p>
   </div>
   <div class='ocr_carea' id='block_1_11' title="bbox 253 661 755 844">
    <p class='ocr_par' dir='ltr' id='par_1_11' title="bbox 253 661 755 844">
     <span class='ocr_line' id='line_1_15' title="bbox 254 661 693 705; baseline 0.002 -12"><span class='ocrx_word' id='word_1_42' title='bbox 254 661 357 705; x_wconf 78' lang='lat' dir='ltr'>Salve,</span> <span class='ocrx_word' id='word_1_43' title='bbox 386 662 482 693; x_wconf 88' lang='lat' dir='ltr'>decus</span> <span class='ocrx_word' id='word_1_44' title='bbox 505 664 693 704; x_wconf 84' lang='lat' dir='ltr'>puellarum,</span> 
     </span>
     <span class='ocr_line' id='line_1_16' title="bbox 253 708 755 752; baseline 0.002 -11"><span class='ocrx_word' id='word_1_45' title='bbox 253 708 362 751; x_wconf 84' lang='lat' dir='ltr'>Virgo,</span> <span class='ocrx_word' id='word_1_46' title='bbox 389 709 470 742; x_wconf 86' lang='lat' dir='ltr'>Iuda</span> <span class='ocrx_word' id='word_1_47' title='bbox 495 718 600 742; x_wconf 89' lang='lat' dir='ltr'>semen</span> <span class='ocrx_word' id='word_1_48' title='bbox 627 711 755 752; x_wconf 81' lang='lat' dir='ltr'>clarum,</span> 
     </span>
     <span class='ocr_line' id='line_1_17' title="bbox 254 756 746 801; baseline 0.004 -14"><span class='ocrx_word' id='word_1_49' title='bbox 254 756 362 788; x_wconf 87' lang='lat' dir='ltr'>Patris</span> <span class='ocrx_word' id='word_1_50' title='bbox 385 764 510 799; x_wconf 83' lang='lat' dir='ltr'>parens,</span> <span class='ocrx_word' id='word_1_51' title='bbox 537 760 612 789; x_wconf 87' lang='lat' dir='ltr'>nata</span> <span class='ocrx_word' id='word_1_52' title='bbox 636 759 746 801; x_wconf 84' lang='lat' dir='ltr'>prolis,</span> 
     </span>
     <span class='ocr_line' id='line_1_18' title="bbox 253 803 666 844; baseline 0.005 -10"><span class='ocrx_word' id='word_1_53' title='bbox 253 803 315 835; x_wconf 85' lang='lat' dir='ltr'>Dei</span> <span class='ocrx_word' id='word_1_54' title='bbox 340 804 460 844; x_wconf 79' lang='grc'><strong>(10111115,</strong></span> <span class='ocrx_word' id='word_1_55' title='bbox 486 805 559 836; x_wconf 83' lang='lat' dir='ltr'>aula</span> <span class='ocrx_word' id='word_1_56' title='bbox 580 805 666 838; x_wconf 85' lang='lat' dir='ltr'>solis.</span> 
     </span>
    </p>
   </div>
   <div class='ocr_carea' id='block_1_12' title="bbox 220 888 761 931">
    <p class='ocr_par' dir='ltr' id='par_1_12' title="bbox 220 888 761 931">
     <span class='ocr_line' id='line_1_19' title="bbox 220 888 761 931; baseline 0.004 -11"><span class='ocrx_word' id='word_1_57' title='bbox 220 913 227 920; x_wconf 90' lang='lat'>.</span> <span class='ocrx_word' id='word_1_58' title='bbox 255 888 359 930; x_wconf 84' lang='lat' dir='ltr'>Salve,</span> <span class='ocrx_word' id='word_1_59' title='bbox 385 889 484 931; x_wconf 86' lang='lat' dir='ltr'>virgo,</span> <span class='ocrx_word' id='word_1_60' title='bbox 511 888 569 921; x_wconf 89' lang='lat' dir='ltr'>flos</span> <span class='ocrx_word' id='word_1_61' title='bbox 596 889 635 920; x_wconf 90' lang='lat' dir='ltr'>de</span> <span class='ocrx_word' id='word_1_62' title='bbox 659 891 761 930; x_wconf 87' lang='lat' dir='ltr'>spina,</span> 
     </span>
    </p>
   </div>
   <div class='ocr_carea' id='block_1_13' title="bbox 253 936 745 1026">
    <p class='ocr_par' dir='ltr' id='par_1_13' title="bbox 253 936 745 1026">
     <span class='ocr_line' id='line_1_20' title="bbox 253 936 745 980; baseline 0.004 -13"><span class='ocrx_word' id='word_1_63' title='bbox 253 936 343 975; x_wconf 78' lang='lat' dir='ltr'>Quod</span> <span class='ocrx_word' id='word_1_64' title='bbox 367 945 522 978; x_wconf 81' lang='lat' dir='ltr'>rogamus,</span> <span class='ocrx_word' id='word_1_65' title='bbox 552 937 601 980; x_wconf 76' lang='lat' dir='ltr'>da,</span> <span class='ocrx_word' id='word_1_66' title='bbox 627 938 745 977; x_wconf 84' lang='lat' dir='ltr'>regina,</span> 
     </span>
     <span class='ocr_line' id='line_1_21' title="bbox 253 982 724 1026; baseline 0 -11"><span class='ocrx_word' id='word_1_67' title='bbox 253 983 354 1024; x_wconf 84' lang='lat' dir='ltr'>Surge</span> <span class='ocrx_word' id='word_1_68' title='bbox 377 982 468 1015; x_wconf 91' lang='lat' dir='ltr'>nobis</span> <span class='ocrx_word' id='word_1_69' title='bbox 492 984 526 1015; x_wconf 91' lang='lat' dir='ltr'>in</span> <span class='ocrx_word' id='word_1_70' title='bbox 551 992 724 1026; x_wconf 84' lang='lat' dir='ltr'>occursum,</span> 
     </span>
    </p>
   </div>
   <div class='ocr_carea' id='block_1_14' title="bbox 252 1030 776 1073">
    <p class='ocr_par' dir='ltr' id='par_1_14' title="bbox 252 1030 776 1073">
     <span class='ocr_line' id='line_1_22' title="bbox 252 1030 776 1073; baseline 0.004 -12"><span class='ocrx_word' id='word_1_71' title='bbox 252 1030 377 1062; x_wconf 86' lang='lat' dir='ltr'>Praebe</span> <span class='ocrx_word' id='word_1_72' title='bbox 384 1030 538 1073; x_wconf 77' lang='lat' dir='ltr'>dextram,</span> <span class='ocrx_word' id='word_1_73' title='bbox 546 1031 776 1064; x_wconf 85' lang='lat' dir='ltr'>trahesursum.</span> 
     </span>
    </p>
   </div>
   <div class='ocr_carea' id='block_1_15' title="bbox 251 1115 705 1295">
    <p class='ocr_par' dir='ltr' id='par_1_15' title="bbox 251 1115 705 1241">
     <span class='ocr_line' id='line_1_23' title="bbox 254 1115 681 1155; baseline -0.002 -8"><span class='ocrx_word' id='word_1_74' title='bbox 254 1115 358 1154; x_wconf 87' lang='lat' dir='ltr'>Salve,</span> <span class='ocrx_word' id='word_1_75' title='bbox 386 1115 474 1155; x_wconf 88' lang='lat' dir='ltr'>virgo</span> <span class='ocrx_word' id='word_1_76' title='bbox 499 1116 583 1147; x_wconf 85' lang='lat' dir='ltr'>lacte</span> <span class='ocrx_word' id='word_1_77' title='bbox 606 1115 681 1155; x_wconf 85' lang='lat' dir='ltr'>lota,</span> 
     </span>
     <span class='ocr_line' id='line_1_24' title="bbox 251 1163 705 1203; baseline -0.004 -8"><span class='ocrx_word' id='word_1_78' title='bbox 251 1163 352 1195; x_wconf 83' lang='lat' dir='ltr'>Pasce</span> <span class='ocrx_word' id='word_1_79' title='bbox 376 1164 454 1203; x_wconf 79' lang='lat' dir='ltr'>tuos,</span> <span class='ocrx_word' id='word_1_80' title='bbox 480 1171 606 1201; x_wconf 83' lang='lat' dir='ltr'>semper</span> <span class='ocrx_word' id='word_1_81' title='bbox 629 1165 705 1202; x_wconf 83' lang='lat' dir='ltr'>pota</span> 
     </span>
     <span class='ocr_line' id='line_1_25' title="bbox 251 1207 609 1241; baseline -0.003 0"><span class='ocrx_word' id='word_1_82' title='bbox 251 1210 389 1241; x_wconf 78' lang='lat' dir='ltr'>Deitatis</span> <span class='ocrx_word' id='word_1_83' title='bbox 414 1207 502 1240; x_wconf 91' lang='lat' dir='ltr'>fonte</span> <span class='ocrx_word' id='word_1_84' title='bbox 526 1211 609 1241; x_wconf 91' lang='lat' dir='ltr'>trino</span> 
     </span>
    </p>

    <p class='ocr_par' dir='ltr' id='par_1_16' title="bbox 252 1256 681 1295">
     <span class='ocr_line' id='line_1_26' title="bbox 252 1256 681 1295; baseline 0.005 -7"><span class='ocrx_word' id='word_1_85' title='bbox 252 1257 302 1288; x_wconf 88' lang='lat' dir='ltr'>De</span> <span class='ocrx_word' id='word_1_86' title='bbox 327 1256 575 1295; x_wconf 84' lang='lat' dir='ltr'>compunctionis</span> <span class='ocrx_word' id='word_1_87' title='bbox 598 1257 681 1290; x_wconf 88' lang='lat' dir='ltr'>vin0.</span> 
     </span>
    </p>
   </div>
   <div class='ocr_carea' id='block_1_16' title="bbox 250 1342 767 1526">
    <p class='ocr_par' dir='ltr' id='par_1_17' title="bbox 254 1342 738 1385">
     <span class='ocr_line' id='line_1_27' title="bbox 254 1342 738 1385; baseline -0.004 -10"><span class='ocrx_word' id='word_1_88' title='bbox 254 1343 358 1385; x_wconf 80' lang='lat' dir='ltr'>Salve,</span> <span class='ocrx_word' id='word_1_89' title='bbox 387 1342 482 1373; x_wconf 83' lang='lat' dir='ltr'>turris</span> <span class='ocrx_word' id='word_1_90' title='bbox 507 1345 634 1374; x_wconf 85' lang='lat' dir='ltr'>nostrae</span> <span class='ocrx_word' id='word_1_91' title='bbox 658 1343 738 1384; x_wconf 82' lang='lat' dir='ltr'>spei,</span> 
     </span>
    </p>

    <p class='ocr_par' dir='ltr' id='par_1_18' title="bbox 254 1389 681 1431">
     <span class='ocr_line' id='line_1_28' title="bbox 254 1389 681 1431; baseline -0.002 -10"><span class='ocrx_word' id='word_1_92' title='bbox 254 1389 361 1431; x_wconf 82' lang='lat' dir='ltr'>Virgo,</span> <span class='ocrx_word' id='word_1_93' title='bbox 387 1392 454 1420; x_wconf 91' lang='lat' dir='ltr'>esto</span> <span class='ocrx_word' id='word_1_94' title='bbox 478 1398 598 1421; x_wconf 85' lang='lat' dir='ltr'>memor</span> <span class='ocrx_word' id='word_1_95' title='bbox 619 1389 681 1420; x_wconf 90' lang='lat' dir='ltr'>mei</span> 
     </span>
    </p>

    <p class='ocr_par' dir='ltr' id='par_1_19' title="bbox 250 1437 767 1526">
     <span class='ocr_line' id='line_1_29' title="bbox 250 1437 767 1469; baseline 0 -1"><span class='ocrx_word' id='word_1_96' title='bbox 250 1437 294 1468; x_wconf 87' lang='lat' dir='ltr'>Et</span> <span class='ocrx_word' id='word_1_97' title='bbox 317 1439 477 1469; x_wconf 84' lang='lat' dir='ltr'>auctorem</span> <span class='ocrx_word' id='word_1_98' title='bbox 502 1437 630 1469; x_wconf 88' lang='lat' dir='ltr'>laudum</span> <span class='ocrx_word' id='word_1_99' title='bbox 656 1437 767 1469; x_wconf 84' lang='lat' dir='ltr'>harum</span> 
     </span>
     <span class='ocr_line' id='line_1_30' title="bbox 253 1483 755 1526; baseline 0 -10"><span class='ocrx_word' id='word_1_100' title='bbox 253 1484 358 1526; x_wconf 89' lang='lat' dir='ltr'>Salva,</span> <span class='ocrx_word' id='word_1_101' title='bbox 385 1484 534 1523; x_wconf 90' lang='lat' dir='ltr'>princeps</span> <span class='ocrx_word' id='word_1_102' title='bbox 559 1483 755 1516; x_wconf 88' lang='lat' dir='ltr'>feminarum.</span> 
     </span>
    </p>
   </div>
   <div class='ocr_carea' id='block_1_17' title="bbox 250 1569 720 1702">
    <p class='ocr_par' dir='ltr' id='par_1_20' title="bbox 250 1569 720 1702">
     <span class='ocr_line' id='line_1_31' title="bbox 251 1569 673 1611; baseline -0.005 -10"><span class='ocrx_word' id='word_1_103' title='bbox 251 1569 353 1611; x_wconf 84' lang='lat' dir='ltr'>Salve,</span> <span class='ocrx_word' id='word_1_104' title='bbox 382 1569 471 1609; x_wconf 82' lang='lat' dir='ltr'>virgo</span> <span class='ocrx_word' id='word_1_105' title='bbox 497 1569 564 1601; x_wconf 90' lang='lat' dir='ltr'>sine</span> <span class='ocrx_word' id='word_1_106' title='bbox 590 1569 673 1607; x_wconf 89' lang='lat' dir='ltr'>dolo,</span> 
     </span>
     <span class='ocr_line' id='line_1_32' title="bbox 252 1616 720 1655; baseline 0.002 -8"><span class='ocrx_word' id='word_1_107' title='bbox 252 1616 346 1648; x_wconf 79' lang='lat' dir='ltr'>Cujus</span> <span class='ocrx_word' id='word_1_108' title='bbox 372 1616 472 1648; x_wconf 91' lang='lat' dir='ltr'>omnis</span> <span class='ocrx_word' id='word_1_109' title='bbox 497 1625 570 1655; x_wconf 88' lang='lat' dir='ltr'>spes</span> <span class='ocrx_word' id='word_1_110' title='bbox 595 1617 628 1648; x_wconf 88' lang='lat' dir='ltr'>in</span> <span class='ocrx_word' id='word_1_111' title='bbox 652 1617 720 1649; x_wconf 89' lang='lat' dir='ltr'>solo</span> 
     </span>
     <span class='ocr_line' id='line_1_33' title="bbox 250 1663 702 1702; baseline -0.004 -7"><span class='ocrx_word' id='word_1_112' title='bbox 250 1663 404 1696; x_wconf 82' lang='lat' dir='ltr'>Creatore</span> <span class='ocrx_word' id='word_1_113' title='bbox 429 1671 554 1702; x_wconf 86' lang='lat' dir='ltr'>semper</span> <span class='ocrx_word' id='word_1_114' title='bbox 578 1663 702 1702; x_wconf 74' lang='lat' dir='ltr'>mansit,</span> 
     </span>
    </p>
   </div>
   <div class='ocr_carea' id='block_1_18' title="bbox 251 1711 774 1751">
    <p class='ocr_par' dir='ltr' id='par_1_21' title="bbox 251 1711 774 1751">
     <span class='ocr_line' id='line_1_34' title="bbox 251 1711 774 1751; baseline 0 -8"><span class='ocrx_word' id='word_1_115' title='bbox 251 1711 323 1743; x_wconf 89' lang='lat' dir='ltr'>Non</span> <span class='ocrx_word' id='word_1_116' title='bbox 336 1711 369 1742; x_wconf 89' lang='lat' dir='ltr'>in</span> <span class='ocrx_word' id='word_1_117' title='bbox 382 1711 510 1751; x_wconf 87' lang='lat' dir='ltr'>mundo,</span> <span class='ocrx_word' id='word_1_118' title='bbox 523 1711 576 1750; x_wconf 88' lang='lat' dir='ltr'>qui</span> <span class='ocrx_word' id='word_1_119' title='bbox 591 1712 774 1751; x_wconf 78' lang='lat' dir='ltr'>pertransit.</span> 
     </span>
    </p>
   </div>
   <div class='ocr_carea' id='block_1_19' title="bbox 247 1796 756 1972">
    <p class='ocr_par' dir='ltr' id='par_1_22' title="bbox 247 1796 756 1972">
     <span class='ocr_line' id='line_1_35' title="bbox 252 1796 756 1836; baseline -0.002 -8"><span class='ocrx_word' id='word_1_120' title='bbox 252 1796 357 1836; x_wconf 82' lang='lat' dir='ltr'>Salve,</span> <span class='ocrx_word' id='word_1_121' title='bbox 384 1796 483 1836; x_wconf 83' lang='lat' dir='ltr'>virgo,</span> <span class='ocrx_word' id='word_1_122' title='bbox 510 1796 596 1827; x_wconf 89' lang='lat' dir='ltr'>cuius</span> <span class='ocrx_word' id='word_1_123' title='bbox 622 1798 756 1828; x_wconf 88' lang='lat' dir='ltr'>stratum</span> 
     </span>
     <span class='ocr_line' id='line_1_36' title="bbox 249 1843 650 1876; baseline -0.002 -1"><span class='ocrx_word' id='word_1_124' title='bbox 249 1843 347 1876; x_wconf 84' lang='lat' dir='ltr'>Nullo</span> <span class='ocrx_word' id='word_1_125' title='bbox 372 1843 440 1876; x_wconf 84' lang='lat' dir='ltr'>viro</span> <span class='ocrx_word' id='word_1_126' title='bbox 466 1845 650 1875; x_wconf 87' lang='lat' dir='ltr'>temeratum</span> 
     </span>
     <span class='ocr_line' id='line_1_37' title="bbox 251 1891 711 1924; baseline -0.002 -1"><span class='ocrx_word' id='word_1_127' title='bbox 251 1891 397 1924; x_wconf 80' lang='lat' dir='ltr'>Christus</span> <span class='ocrx_word' id='word_1_128' title='bbox 421 1893 515 1923; x_wconf 79' lang='lat' dir='ltr'>natus</span> <span class='ocrx_word' id='word_1_129' title='bbox 536 1891 711 1923; x_wconf 80' lang='lat' dir='ltr'>illustravit</span> 
     </span>
     <span class='ocr_line' id='line_1_38' title="bbox 247 1939 724 1972; baseline 0 0"><span class='ocrx_word' id='word_1_130' title='bbox 247 1939 319 1972; x_wconf 83' lang='lat' dir='ltr'>Nec</span> <span class='ocrx_word' id='word_1_131' title='bbox 344 1943 376 1971; x_wconf 89' lang='lat' dir='ltr'>te</span> <span class='ocrx_word' id='word_1_132' title='bbox 401 1947 533 1970; x_wconf 85' lang='lat' dir='ltr'>nascens</span> <span class='ocrx_word' id='word_1_133' title='bbox 562 1939 724 1972; x_wconf 88' lang='lat' dir='ltr'>reseravit.</span> 
     </span>
    </p>
   </div>
   <div class='ocr_carea' id='block_1_20' title="bbox 248 2024 729 2209">
    <p class='ocr_par' dir='ltr' id='par_1_23' title="bbox 248 2024 729 2161">
     <span class='ocr_line' id='line_1_39' title="bbox 250 2024 707 2067; baseline -0.004 -9"><span class='ocrx_word' id='word_1_134' title='bbox 250 2026 355 2067; x_wconf 86' lang='lat' dir='ltr'>Salve,</span> <span class='ocrx_word' id='word_1_135' title='bbox 381 2024 470 2065; x_wconf 84' lang='lat' dir='ltr'>virgo</span> <span class='ocrx_word' id='word_1_136' title='bbox 496 2025 574 2056; x_wconf 89' lang='lat' dir='ltr'>recti</span> <span class='ocrx_word' id='word_1_137' title='bbox 603 2024 707 2056; x_wconf 83' lang='lat' dir='ltr'>cordis</span> 
     </span>
     <span class='ocr_line' id='line_1_40' title="bbox 248 2072 729 2112; baseline -0.002 -6"><span class='ocrx_word' id='word_1_138' title='bbox 248 2073 318 2106; x_wconf 81' lang='lat' dir='ltr'>Nec</span> <span class='ocrx_word' id='word_1_139' title='bbox 342 2072 437 2105; x_wconf 86' lang='lat' dir='ltr'>ullius</span> <span class='ocrx_word' id='word_1_140' title='bbox 463 2081 599 2112; x_wconf 89' lang='lat' dir='ltr'>unquam</span> <span class='ocrx_word' id='word_1_141' title='bbox 624 2073 729 2105; x_wconf 91' lang='lat' dir='ltr'>sordis</span> 
     </span>
     <span class='ocr_line' id='line_1_41' title="bbox 248 2118 596 2161; baseline -0.009 -7"><span class='ocrx_word' id='word_1_142' title='bbox 248 2121 419 2161; x_wconf 82' lang='lat' dir='ltr'>Inquinata</span> <span class='ocrx_word' id='word_1_143' title='bbox 439 2118 596 2152; x_wconf 83' lang='lat' dir='ltr'>foeditate</span> 
     </span>
    </p>

    <p class='ocr_par' dir='ltr' id='par_1_24' title="bbox 249 2168 646 2209">
     <span class='ocr_line' id='line_1_42' title="bbox 249 2168 646 2209; baseline 0 -8"><span class='ocrx_word' id='word_1_144' title='bbox 249 2169 341 2201; x_wconf 92' lang='lat' dir='ltr'>Dono</span> <span class='ocrx_word' id='word_1_145' title='bbox 366 2168 468 2209; x_wconf 88' lang='lat' dir='ltr'>prolis</span> <span class='ocrx_word' id='word_1_146' title='bbox 493 2168 646 2201; x_wconf 80' lang='lat' dir='ltr'>illibatae.</span> 
     </span>
    </p>
   </div>
   <div class='ocr_carea' id='block_1_21' title="bbox 247 2243 695 2421">
    <p class='ocr_par' dir='ltr' id='par_1_25' title="bbox 247 2243 695 2421">
     <span class='ocr_line' id='line_1_43' title="bbox 250 2243 695 2289; baseline -0.007 -12"><span class='ocrx_word' id='word_1_147' title='bbox 250 2245 354 2289; x_wconf 82' lang='lat' dir='ltr'>Salve,</span> <span class='ocrx_word' id='word_1_148' title='bbox 381 2244 468 2277; x_wconf 89' lang='lat' dir='ltr'>salus</span> <span class='ocrx_word' id='word_1_149' title='bbox 494 2253 532 2276; x_wconf 83' lang='lat' dir='ltr'>ex</span> <span class='ocrx_word' id='word_1_150' title='bbox 557 2243 695 2282; x_wconf 88' lang='lat' dir='ltr'>Iudaeis,</span> 
     </span>
     <span class='ocr_line' id='line_1_44' title="bbox 247 2291 686 2336; baseline -0.007 -11"><span class='ocrx_word' id='word_1_151' title='bbox 247 2293 349 2335; x_wconf 84' lang='lat' dir='ltr'>Votis,</span> <span class='ocrx_word' id='word_1_152' title='bbox 375 2292 474 2336; x_wconf 82' lang='lat' dir='ltr'>virgo,</span> <span class='ocrx_word' id='word_1_153' title='bbox 501 2291 574 2324; x_wconf 87' lang='lat' dir='ltr'>fave</span> <span class='ocrx_word' id='word_1_154' title='bbox 597 2291 686 2333; x_wconf 88' lang='lat' dir='ltr'>meis,</span> 
     </span>
     <span class='ocr_line' id='line_1_45' title="bbox 248 2338 693 2373; baseline -0.009 0"><span class='ocrx_word' id='word_1_155' title='bbox 248 2340 295 2373; x_wconf 83' lang='lat' dir='ltr'>Ut</span> <span class='ocrx_word' id='word_1_156' title='bbox 318 2341 350 2372; x_wconf 92' lang='lat' dir='ltr'>in</span> <span class='ocrx_word' id='word_1_157' title='bbox 376 2339 453 2373; x_wconf 85' lang='lat' dir='ltr'>Sion</span> <span class='ocrx_word' id='word_1_158' title='bbox 477 2340 611 2372; x_wconf 85' lang='lat' dir='ltr'>reddam</span> <span class='ocrx_word' id='word_1_159' title='bbox 635 2338 693 2370; x_wconf 84' lang='lat' dir='ltr'>illa</span> 
     </span>
     <span class='ocr_line' id='line_1_46' title="bbox 251 2386 637 2421; baseline -0.003 -1"><span class='ocrx_word' id='word_1_160' title='bbox 251 2387 427 2421; x_wconf 85' lang='lat' dir='ltr'>Suscitatus</span> <span class='ocrx_word' id='word_1_161' title='bbox 453 2388 492 2420; x_wconf 88' lang='lat' dir='ltr'>de</span> <span class='ocrx_word' id='word_1_162' title='bbox 517 2386 637 2420; x_wconf 86' lang='lat' dir='ltr'>favilla.</span> 
     </span>
    </p>
   </div>
   <div class='ocr_carea' id='block_1_22' title="bbox 847 211 902 243">
    <p class='ocr_par' dir='ltr' id='par_1_26' title="bbox 847 211 902 243">
     <span class='ocr_line' id='line_1_47' title="bbox 847 211 902 243; baseline 0 0"><span class='ocrx_word' id='word_1_163' title='bbox 847 211 902 243; x_wconf 84' lang='lat'>15.</span> 
     </span>
    </p>
   </div>
   <div class='ocr_carea' id='block_1_23' title="bbox 849 438 902 470">
    <p class='ocr_par' dir='ltr' id='par_1_27' title="bbox 849 438 902 470">
     <span class='ocr_line' id='line_1_48' title="bbox 849 438 902 470; baseline 0.019 -1"><span class='ocrx_word' id='word_1_164' title='bbox 849 438 902 470; x_wconf 90' lang='grc'>16.</span> 
     </span>
    </p>
   </div>
   <div class='ocr_carea' id='block_1_24' title="bbox 849 665 902 696">
    <p class='ocr_par' dir='ltr' id='par_1_28' title="bbox 849 665 902 696">
     <span class='ocr_line' id='line_1_49' title="bbox 849 665 902 696; baseline 0 0"><span class='ocrx_word' id='word_1_165' title='bbox 849 665 902 696; x_wconf 88' lang='lat'>17.</span> 
     </span>
    </p>
   </div>
   <div class='ocr_carea' id='block_1_25' title="bbox 849 892 901 923">
    <p class='ocr_par' dir='ltr' id='par_1_29' title="bbox 849 892 901 923">
     <span class='ocr_line' id='line_1_50' title="bbox 849 892 901 923; baseline 0 0"><span class='ocrx_word' id='word_1_166' title='bbox 849 892 901 923; x_wconf 88' lang='grc'>18.</span> 
     </span>
    </p>
   </div>
   <div class='ocr_carea' id='block_1_26' title="bbox 849 1117 902 1149">
    <p class='ocr_par' dir='ltr' id='par_1_30' title="bbox 849 1117 902 1149">
     <span class='ocr_line' id='line_1_51' title="bbox 849 1117 902 1149; baseline 0 0"><span class='ocrx_word' id='word_1_167' title='bbox 849 1117 902 1149; x_wconf 87' lang='grc'>19.</span> 
     </span>
    </p>
   </div>
   <div class='ocr_carea' id='block_1_27' title="bbox 846 1344 901 1375">
    <p class='ocr_par' dir='ltr' id='par_1_31' title="bbox 846 1344 901 1375">
     <span class='ocr_line' id='line_1_52' title="bbox 846 1344 901 1375; baseline 0 0"><span class='ocrx_word' id='word_1_168' title='bbox 846 1344 901 1375; x_wconf 89' lang='grc'><strong>20.</strong></span> 
     </span>
    </p>
   </div>
   <div class='ocr_carea' id='block_1_28' title="bbox 846 1571 900 1602">
    <p class='ocr_par' dir='ltr' id='par_1_32' title="bbox 846 1571 900 1602">
     <span class='ocr_line' id='line_1_53' title="bbox 846 1571 900 1602; baseline 0 0"><span class='ocrx_word' id='word_1_169' title='bbox 846 1571 900 1602; x_wconf 88' lang='grc'>21.</span> 
     </span>
    </p>
   </div>
   <div class='ocr_carea' id='block_1_29' title="bbox 847 1798 900 1830">
    <p class='ocr_par' dir='ltr' id='par_1_33' title="bbox 847 1798 900 1830">
     <span class='ocr_line' id='line_1_54' title="bbox 847 1798 900 1830; baseline 0.038 -2"><span class='ocrx_word' id='word_1_170' title='bbox 847 1798 900 1830; x_wconf 91' lang='lat'>22.</span> 
     </span>
    </p>
   </div>
   <div class='ocr_carea' id='block_1_30' title="bbox 847 2027 900 2059">
    <p class='ocr_par' dir='ltr' id='par_1_34' title="bbox 847 2027 900 2059">
     <span class='ocr_line' id='line_1_55' title="bbox 847 2027 900 2059; baseline 0.038 -2"><span class='ocrx_word' id='word_1_171' title='bbox 847 2027 900 2059; x_wconf 84' lang='lat'>23.</span> 
     </span>
    </p>
   </div>
   <div class='ocr_carea' id='block_1_31' title="bbox 846 2245 901 2277">
    <p class='ocr_par' dir='ltr' id='par_1_35' title="bbox 846 2245 901 2277">
     <span class='ocr_line' id='line_1_56' title="bbox 846 2245 901 2277; baseline 0 0"><span class='ocrx_word' id='word_1_172' title='bbox 846 2245 901 2277; x_wconf 86' lang='lat'>24.</span> 
     </span>
    </p>
   </div>
   <div class='ocr_carea' id='block_1_32' title="bbox 928 210 1395 391">
    <p class='ocr_par' dir='ltr' id='par_1_36' title="bbox 928 210 1395 391">
     <span class='ocr_line' id='line_1_57' title="bbox 929 210 1390 254; baseline -0.004 -11"><span class='ocrx_word' id='word_1_173' title='bbox 929 210 1030 249; x_wconf 81' lang='lat' dir='ltr'>Salve,</span> <span class='ocrx_word' id='word_1_174' title='bbox 1056 211 1144 250; x_wconf 84' lang='lat' dir='ltr'>virgo</span> <span class='ocrx_word' id='word_1_175' title='bbox 1169 220 1228 250; x_wconf 90' lang='lat' dir='ltr'>par</span> <span class='ocrx_word' id='word_1_176' title='bbox 1252 212 1390 254; x_wconf 80' lang='lat' dir='ltr'>argento,</span> 
     </span>
     <span class='ocr_line' id='line_1_58' title="bbox 929 258 1343 298; baseline -0.002 -8"><span class='ocrx_word' id='word_1_177' title='bbox 929 258 976 290; x_wconf 89' lang='lat' dir='ltr'>Tu</span> <span class='ocrx_word' id='word_1_178' title='bbox 1000 258 1131 298; x_wconf 87' lang='lat' dir='ltr'>pudoris</span> <span class='ocrx_word' id='word_1_179' title='bbox 1157 258 1343 290; x_wconf 87' lang='lat' dir='ltr'>detrimento</span> 
     </span>
     <span class='ocr_line' id='line_1_59' title="bbox 928 305 1366 345; baseline -0.007 -7"><span class='ocrx_word' id='word_1_180' title='bbox 928 306 1005 345; x_wconf 84' lang='lat' dir='ltr'>Igne</span> <span class='ocrx_word' id='word_1_181' title='bbox 1029 305 1137 336; x_wconf 89' lang='lat' dir='ltr'>mundi</span> <span class='ocrx_word' id='word_1_182' title='bbox 1162 314 1223 336; x_wconf 90' lang='lat' dir='ltr'>non</span> <span class='ocrx_word' id='word_1_183' title='bbox 1249 305 1366 343; x_wconf 87' lang='lat' dir='ltr'>arsisti,</span> 
     </span>
     <span class='ocr_line' id='line_1_60' title="bbox 929 352 1395 391; baseline -0.002 -6"><span class='ocrx_word' id='word_1_184' title='bbox 929 352 1025 391; x_wconf 69' lang='lat' dir='ltr'>Quem</span> <span class='ocrx_word' id='word_1_185' title='bbox 1050 352 1161 383; x_wconf 88' lang='lat' dir='ltr'>illaesa</span> <span class='ocrx_word' id='word_1_186' title='bbox 1185 352 1395 391; x_wconf 86' lang='lat' dir='ltr'>pertransisti.</span> 
     </span>
    </p>
   </div>
   <div class='ocr_carea' id='block_1_33' title="bbox 926 437 1427 612">
    <p class='ocr_par' dir='ltr' id='par_1_37' title="bbox 927 437 1427 563">
     <span class='ocr_line' id='line_1_61' title="bbox 929 437 1427 476; baseline -0.002 -7"><span class='ocrx_word' id='word_1_187' title='bbox 929 437 1031 475; x_wconf 74' lang='lat' dir='ltr'>Salve.</span> <span class='ocrx_word' id='word_1_188' title='bbox 1057 446 1172 476; x_wconf 90' lang='lat' dir='ltr'>parens</span> <span class='ocrx_word' id='word_1_189' title='bbox 1197 437 1315 476; x_wconf 81' lang='lat' dir='ltr'>absque</span> <span class='ocrx_word' id='word_1_190' title='bbox 1339 445 1427 476; x_wconf 88' lang='lat' dir='ltr'>pare,</span> 
     </span>
     <span class='ocr_line' id='line_1_62' title="bbox 928 484 1323 525; baseline -0.005 -9"><span class='ocrx_word' id='word_1_191' title='bbox 928 484 998 525; x_wconf 88' lang='lat' dir='ltr'>Eia,</span> <span class='ocrx_word' id='word_1_192' title='bbox 1024 484 1123 524; x_wconf 88' lang='lat' dir='ltr'>virgo,</span> <span class='ocrx_word' id='word_1_193' title='bbox 1151 485 1323 524; x_wconf 87' lang='lat' dir='ltr'>deprecare</span> 
     </span>
     <span class='ocr_line' id='line_1_63' title="bbox 927 531 1296 563; baseline -0.005 0"><span class='ocrx_word' id='word_1_194' title='bbox 927 531 1029 563; x_wconf 88' lang='lat' dir='ltr'>Deum</span> <span class='ocrx_word' id='word_1_195' title='bbox 1052 531 1129 562; x_wconf 89' lang='lat' dir='ltr'>mihi</span> <span class='ocrx_word' id='word_1_196' title='bbox 1155 531 1296 563; x_wconf 88' lang='lat' dir='ltr'>misereri</span> 
     </span>
    </p>

    <p class='ocr_par' dir='ltr' id='par_1_38' title="bbox 926 578 1409 612">
     <span class='ocr_line' id='line_1_64' title="bbox 926 578 1409 612; baseline -0.002 -2"><span class='ocrx_word' id='word_1_197' title='bbox 926 578 971 610; x_wconf 87' lang='lat' dir='ltr'>Et</span> <span class='ocrx_word' id='word_1_198' title='bbox 995 587 1062 610; x_wconf 89' lang='lat' dir='ltr'>cum</span> <span class='ocrx_word' id='word_1_199' title='bbox 1087 578 1178 610; x_wconf 87' lang='lat' dir='ltr'>iustis</span> <span class='ocrx_word' id='word_1_200' title='bbox 1204 587 1252 610; x_wconf 80' lang='lat' dir='ltr'>me</span> <span class='ocrx_word' id='word_1_201' title='bbox 1278 578 1409 612; x_wconf 74' lang='lat' dir='ltr'>censeri.</span> 
     </span>
    </p>
   </div>
   <div class='ocr_carea' id='block_1_34' title="bbox 927 663 1414 837">
    <p class='ocr_par' dir='ltr' id='par_1_39' title="bbox 927 663 1414 837">
     <span class='ocr_line' id='line_1_65' title="bbox 929 663 1347 703; baseline -0.005 -8"><span class='ocrx_word' id='word_1_202' title='bbox 929 665 1007 701; x_wconf 87' lang='lat' dir='ltr'>Ave,</span> <span class='ocrx_word' id='word_1_203' title='bbox 1030 667 1118 703; x_wconf 87' lang='lat' dir='ltr'>virgo</span> <span class='ocrx_word' id='word_1_204' title='bbox 1141 663 1208 695; x_wconf 91' lang='lat' dir='ltr'>Deo</span> <span class='ocrx_word' id='word_1_205' title='bbox 1232 664 1347 701; x_wconf 88' lang='lat' dir='ltr'>iuncta,</span> 
     </span>
     <span class='ocr_line' id='line_1_66' title="bbox 927 711 1372 743; baseline 0 -1"><span class='ocrx_word' id='word_1_206' title='bbox 927 711 973 742; x_wconf 91' lang='lat' dir='ltr'>Te</span> <span class='ocrx_word' id='word_1_207' title='bbox 998 711 1128 743; x_wconf 82' lang='lat' dir='ltr'>tollente</span> <span class='ocrx_word' id='word_1_208' title='bbox 1152 711 1235 742; x_wconf 86' lang='lat' dir='ltr'>mala</span> <span class='ocrx_word' id='word_1_209' title='bbox 1260 712 1372 742; x_wconf 86' lang='lat' dir='ltr'>cuncta</span> 
     </span>
     <span class='ocr_line' id='line_1_67' title="bbox 928 758 1378 798; baseline 0.002 -10"><span class='ocrx_word' id='word_1_210' title='bbox 928 758 1005 790; x_wconf 82' lang='lat' dir='ltr'>Viae</span> <span class='ocrx_word' id='word_1_211' title='bbox 1030 766 1117 788; x_wconf 88' lang='lat' dir='ltr'>meae</span> <span class='ocrx_word' id='word_1_212' title='bbox 1141 759 1378 798; x_wconf 85' lang='lat' dir='ltr'>prosperentur,</span> 
     </span>
     <span class='ocr_line' id='line_1_68' title="bbox 927 804 1414 837; baseline 0 0"><span class='ocrx_word' id='word_1_213' title='bbox 927 805 992 837; x_wconf 80' lang='lat' dir='ltr'>Res</span> <span class='ocrx_word' id='word_1_214' title='bbox 1016 805 1169 837; x_wconf 76' lang='lat' dir='ltr'>adversae</span> <span class='ocrx_word' id='word_1_215' title='bbox 1193 804 1414 837; x_wconf 80' lang='lat' dir='ltr'>secundentur.</span> 
     </span>
    </p>
   </div>
   <div class='ocr_carea' id='block_1_35' title="bbox 927 890 1450 1072">
    <p class='ocr_par' dir='ltr' id='par_1_40' title="bbox 927 890 1450 1072">
     <span class='ocr_line' id='line_1_69' title="bbox 928 890 1450 932; baseline -0.004 -10"><span class='ocrx_word' id='word_1_216' title='bbox 928 890 1031 932; x_wconf 82' lang='lat' dir='ltr'>Salve,</span> <span class='ocrx_word' id='word_1_217' title='bbox 1049 898 1146 932; x_wconf 81' lang='lat' dir='ltr'>vlrg0‚</span> <span class='ocrx_word' id='word_1_218' title='bbox 1163 898 1221 930; x_wconf 91' lang='lat' dir='ltr'>per</span> <span class='ocrx_word' id='word_1_219' title='bbox 1234 898 1326 929; x_wconf 88' lang='lat' dir='ltr'>quam</span> <span class='ocrx_word' id='word_1_220' title='bbox 1339 890 1450 920; x_wconf 90' lang='lat' dir='ltr'>volens</span> 
     </span>
     <span class='ocr_line' id='line_1_70' title="bbox 928 935 1394 977; baseline -0.004 -8"><span class='ocrx_word' id='word_1_221' title='bbox 928 937 1055 976; x_wconf 87' lang='lat' dir='ltr'>Pauper</span> <span class='ocrx_word' id='word_1_222' title='bbox 1078 936 1134 967; x_wconf 91' lang='lat' dir='ltr'>ille</span> <span class='ocrx_word' id='word_1_223' title='bbox 1157 935 1194 967; x_wconf 92' lang='lat' dir='ltr'>fit</span> <span class='ocrx_word' id='word_1_224' title='bbox 1219 939 1250 967; x_wconf 90' lang='lat' dir='ltr'>et</span> <span class='ocrx_word' id='word_1_225' title='bbox 1275 936 1394 977; x_wconf 89' lang='lat' dir='ltr'>dolens,</span> 
     </span>
     <span class='ocr_line' id='line_1_71' title="bbox 927 983 1377 1024; baseline -0.002 -9"><span class='ocrx_word' id='word_1_226' title='bbox 927 985 992 1023; x_wconf 76' lang='lat' dir='ltr'>Quo</span> <span class='ocrx_word' id='word_1_227' title='bbox 1017 983 1145 1015; x_wconf 88' lang='lat' dir='ltr'>iubente</span> <span class='ocrx_word' id='word_1_228' title='bbox 1170 984 1260 1015; x_wconf 85' lang='lat' dir='ltr'>dolor</span> <span class='ocrx_word' id='word_1_229' title='bbox 1284 983 1377 1024; x_wconf 81' lang='lat' dir='ltr'>cedit,</span> 
     </span>
     <span class='ocr_line' id='line_1_72' title="bbox 927 1030 1371 1072; baseline -0.005 -9"><span class='ocrx_word' id='word_1_230' title='bbox 927 1031 972 1063; x_wconf 84' lang='lat' dir='ltr'>Et</span> <span class='ocrx_word' id='word_1_231' title='bbox 994 1034 1166 1072; x_wconf 75' lang='lat' dir='ltr'>paupertas</span> <span class='ocrx_word' id='word_1_232' title='bbox 1191 1030 1371 1064; x_wconf 78' lang='lat' dir='ltr'>retrocedit.</span> 
     </span>
    </p>
   </div>
   <div class='ocr_carea' id='block_1_36' title="bbox 928 1115 1437 1297">
    <p class='ocr_par' dir='ltr' id='par_1_41' title="bbox 928 1115 1437 1297">
     <span class='ocr_line' id='line_1_73' title="bbox 929 1115 1356 1158; baseline -0.002 -10"><span class='ocrx_word' id='word_1_233' title='bbox 929 1116 1031 1158; x_wconf 81' lang='lat' dir='ltr'>Salve,</span> <span class='ocrx_word' id='word_1_234' title='bbox 1058 1116 1156 1155; x_wconf 84' lang='lat' dir='ltr'>virgo,</span> <span class='ocrx_word' id='word_1_235' title='bbox 1181 1115 1240 1147; x_wconf 92' lang='lat' dir='ltr'>Dei</span> <span class='ocrx_word' id='word_1_236' title='bbox 1266 1116 1356 1154; x_wconf 85' lang='lat' dir='ltr'>cella,</span> 
     </span>
     <span class='ocr_line' id='line_1_74' title="bbox 928 1161 1427 1203; baseline 0 -8"><span class='ocrx_word' id='word_1_237' title='bbox 928 1163 1024 1202; x_wconf 77' lang='lat' dir='ltr'>Quem</span> <span class='ocrx_word' id='word_1_238' title='bbox 1050 1171 1108 1201; x_wconf 87' lang='lat' dir='ltr'>pro</span> <span class='ocrx_word' id='word_1_239' title='bbox 1132 1162 1222 1194; x_wconf 85' lang='lat' dir='ltr'>nobis</span> <span class='ocrx_word' id='word_1_240' title='bbox 1246 1161 1427 1203; x_wconf 83' lang='lat' dir='ltr'>interpella,</span> 
     </span>
     <span class='ocr_line' id='line_1_75' title="bbox 928 1210 1397 1252; baseline -0.002 -11"><span class='ocrx_word' id='word_1_241' title='bbox 928 1211 1024 1242; x_wconf 85' lang='lat' dir='ltr'>Placa</span> <span class='ocrx_word' id='word_1_242' title='bbox 1048 1214 1164 1251; x_wconf 84' lang='lat' dir='ltr'>natum,</span> <span class='ocrx_word' id='word_1_243' title='bbox 1191 1219 1231 1240; x_wconf 91' lang='lat' dir='ltr'>ne</span> <span class='ocrx_word' id='word_1_244' title='bbox 1256 1210 1397 1252; x_wconf 76' lang='lat' dir='ltr'>moreris,</span> 
     </span>
     <span class='ocr_line' id='line_1_76' title="bbox 928 1257 1437 1297; baseline 0 -8"><span class='ocrx_word' id='word_1_245' title='bbox 928 1258 1013 1297; x_wconf 74' lang='lat' dir='ltr'>Quae</span> <span class='ocrx_word' id='word_1_246' title='bbox 1038 1257 1195 1295; x_wconf 85' lang='lat' dir='ltr'>repulsam</span> <span class='ocrx_word' id='word_1_247' title='bbox 1222 1265 1283 1288; x_wconf 90' lang='lat' dir='ltr'>non</span> <span class='ocrx_word' id='word_1_248' title='bbox 1308 1258 1437 1289; x_wconf 89' lang='lat' dir='ltr'>vereris.</span> 
     </span>
    </p>
   </div>
   <div class='ocr_carea' id='block_1_37' title="bbox 926 1341 1449 1517">
    <p class='ocr_par' dir='ltr' id='par_1_42' title="bbox 926 1341 1449 1517">
     <span class='ocr_line' id='line_1_77' title="bbox 928 1341 1357 1384; baseline -0.005 -10"><span class='ocrx_word' id='word_1_249' title='bbox 928 1343 1031 1384; x_wconf 85' lang='lat' dir='ltr'>Salve,</span> <span class='ocrx_word' id='word_1_250' title='bbox 1057 1351 1167 1373; x_wconf 89' lang='lat' dir='ltr'>norma</span> <span class='ocrx_word' id='word_1_251' title='bbox 1193 1341 1357 1384; x_wconf 84' lang='lat' dir='ltr'>castitatis,</span> 
     </span>
     <span class='ocr_line' id='line_1_78' title="bbox 926 1389 1390 1429; baseline -0.004 -7"><span class='ocrx_word' id='word_1_252' title='bbox 926 1390 1015 1429; x_wconf 89' lang='lat' dir='ltr'>Esto,</span> <span class='ocrx_word' id='word_1_253' title='bbox 1042 1389 1141 1429; x_wconf 82' lang='lat' dir='ltr'>virgo,</span> <span class='ocrx_word' id='word_1_254' title='bbox 1168 1398 1226 1428; x_wconf 87' lang='lat' dir='ltr'>pro</span> <span class='ocrx_word' id='word_1_255' title='bbox 1251 1389 1390 1427; x_wconf 82' lang='lat' dir='ltr'>peccatis</span> 
     </span>
     <span class='ocr_line' id='line_1_79' title="bbox 926 1437 1449 1477; baseline -0.004 -8"><span class='ocrx_word' id='word_1_256' title='bbox 926 1437 976 1469; x_wconf 89' lang='lat' dir='ltr'>Ne</span> <span class='ocrx_word' id='word_1_257' title='bbox 990 1437 1178 1469; x_wconf 86' lang='lat' dir='ltr'>descendam</span> <span class='ocrx_word' id='word_1_258' title='bbox 1193 1437 1234 1468; x_wconf 91' lang='lat' dir='ltr'>ad</span> <span class='ocrx_word' id='word_1_259' title='bbox 1249 1438 1449 1477; x_wconf 88' lang='lat' dir='ltr'>tormentum,</span> 
     </span>
     <span class='ocr_line' id='line_1_80' title="bbox 927 1483 1390 1517; baseline -0.004 -1"><span class='ocrx_word' id='word_1_260' title='bbox 927 1484 1025 1516; x_wconf 86' lang='lat' dir='ltr'>Forte</span> <span class='ocrx_word' id='word_1_261' title='bbox 1048 1484 1125 1515; x_wconf 89' lang='lat' dir='ltr'>mihi</span> <span class='ocrx_word' id='word_1_262' title='bbox 1149 1483 1390 1517; x_wconf 82' lang='lat' dir='ltr'>firmamentum.</span> 
     </span>
    </p>
   </div>
   <div class='ocr_carea' id='block_1_38' title="bbox 927 1569 1450 1746">
    <p class='ocr_par' dir='ltr' id='par_1_43' title="bbox 927 1569 1450 1703">
     <span class='ocr_line' id='line_1_81' title="bbox 927 1569 1413 1610; baseline -0.004 -8"><span class='ocrx_word' id='word_1_263' title='bbox 927 1570 1030 1610; x_wconf 78' lang='lat' dir='ltr'>Salve⁷</span> <span class='ocrx_word' id='word_1_264' title='bbox 1057 1569 1156 1610; x_wconf 85' lang='lat' dir='ltr'>virgo,</span> <span class='ocrx_word' id='word_1_265' title='bbox 1182 1570 1266 1601; x_wconf 85' lang='lat' dir='ltr'>vitae</span> <span class='ocrx_word' id='word_1_266' title='bbox 1290 1571 1413 1609; x_wconf 86' lang='lat' dir='ltr'>portus,</span> 
     </span>
     <span class='ocr_line' id='line_1_82' title="bbox 928 1617 1450 1656; baseline -0.004 -7"><span class='ocrx_word' id='word_1_267' title='bbox 928 1617 1043 1650; x_wconf 84' lang='lat' dir='ltr'>Clausa</span> <span class='ocrx_word' id='word_1_268' title='bbox 1067 1620 1169 1656; x_wconf 83' lang='lat' dir='ltr'>porta,</span> <span class='ocrx_word' id='word_1_269' title='bbox 1189 1618 1312 1649; x_wconf 87' lang='lat' dir='ltr'>clausus</span> <span class='ocrx_word' id='word_1_270' title='bbox 1331 1617 1450 1656; x_wconf 88' lang='lat' dir='ltr'>hortus,</span> 
     </span>
     <span class='ocr_line' id='line_1_83' title="bbox 927 1664 1335 1703; baseline -0.005 -7"><span class='ocrx_word' id='word_1_271' title='bbox 927 1664 1035 1696; x_wconf 89' lang='lat' dir='ltr'>Vellus</span> <span class='ocrx_word' id='word_1_272' title='bbox 1060 1664 1138 1696; x_wconf 85' lang='lat' dir='ltr'>clari</span> <span class='ocrx_word' id='word_1_273' title='bbox 1164 1664 1335 1703; x_wconf 74' lang='lat' dir='ltr'>Gedeonis,</span> 
     </span>
    </p>

    <p class='ocr_par' dir='ltr' id='par_1_44' title="bbox 932 1711 1372 1746">
     <span class='ocr_line' id='line_1_84' title="bbox 932 1711 1372 1746; baseline -0.005 -2"><span class='ocrx_word' id='word_1_274' title='bbox 932 1713 1005 1744; x_wconf 91' lang='lat' dir='ltr'>Veri</span> <span class='ocrx_word' id='word_1_275' title='bbox 1029 1711 1160 1743; x_wconf 87' lang='lat' dir='ltr'>thronus</span> <span class='ocrx_word' id='word_1_276' title='bbox 1187 1711 1372 1746; x_wconf 77' lang='lat' dir='ltr'>Salomonis.</span> 
     </span>
    </p>
   </div>
   <div class='ocr_carea' id='block_1_39' title="bbox 927 1796 1450 1983">
    <p class='ocr_par' dir='ltr' id='par_1_45' title="bbox 927 1796 1450 1983">
     <span class='ocr_line' id='line_1_85' title="bbox 928 1796 1381 1840; baseline -0.002 -11"><span class='ocrx_word' id='word_1_277' title='bbox 928 1796 1032 1839; x_wconf 87' lang='lat' dir='ltr'>Salve,</span> <span class='ocrx_word' id='word_1_278' title='bbox 1059 1796 1157 1840; x_wconf 83' lang='lat' dir='ltr'>virgo,</span> <span class='ocrx_word' id='word_1_279' title='bbox 1187 1798 1273 1828; x_wconf 90' lang='lat' dir='ltr'>cuius</span> <span class='ocrx_word' id='word_1_280' title='bbox 1298 1797 1381 1828; x_wconf 83' lang='lat' dir='ltr'>lotus</span> 
     </span>
     <span class='ocr_line' id='line_1_86' title="bbox 929 1844 1450 1884; baseline 0.002 -9"><span class='ocrx_word' id='word_1_281' title='bbox 929 1844 989 1875; x_wconf 88' lang='lat' dir='ltr'>Pes</span> <span class='ocrx_word' id='word_1_282' title='bbox 1014 1844 1176 1884; x_wconf 86' lang='lat' dir='ltr'>peccando</span> <span class='ocrx_word' id='word_1_283' title='bbox 1194 1854 1256 1876; x_wconf 88' lang='lat' dir='ltr'>non</span> <span class='ocrx_word' id='word_1_284' title='bbox 1274 1846 1322 1875; x_wconf 90' lang='lat' dir='ltr'>est</span> <span class='ocrx_word' id='word_1_285' title='bbox 1338 1846 1450 1884; x_wconf 89' lang='lat' dir='ltr'>motus,</span> 
     </span>
     <span class='ocr_line' id='line_1_87' title="bbox 927 1890 1350 1932; baseline -0.002 -8"><span class='ocrx_word' id='word_1_286' title='bbox 927 1892 1013 1932; x_wconf 83' lang='lat' dir='ltr'>Ergo</span> <span class='ocrx_word' id='word_1_287' title='bbox 1037 1890 1131 1923; x_wconf 81' lang='lat' dir='ltr'>firma</span> <span class='ocrx_word' id='word_1_288' title='bbox 1152 1892 1350 1932; x_wconf 79' lang='lat' dir='ltr'>vacillantes,</span> 
     </span>
     <span class='ocr_line' id='line_1_88' title="bbox 928 1939 1412 1983; baseline 0.002 -12"><span class='ocrx_word' id='word_1_289' title='bbox 928 1939 1017 1972; x_wconf 89' lang='lat' dir='ltr'>Leva</span> <span class='ocrx_word' id='word_1_290' title='bbox 1039 1939 1157 1983; x_wconf 82' lang='lat' dir='ltr'>lapsos,</span> <span class='ocrx_word' id='word_1_291' title='bbox 1184 1944 1256 1972; x_wconf 85' lang='lat' dir='ltr'>tene</span> <span class='ocrx_word' id='word_1_292' title='bbox 1280 1941 1412 1972; x_wconf 88' lang='lat' dir='ltr'>stantes.</span> 
     </span>
    </p>
   </div>
   <div class='ocr_carea' id='block_1_40' title="bbox 928 2025 1381 2209">
    <p class='ocr_par' dir='ltr' id='par_1_46' title="bbox 928 2025 1381 2209">
     <span class='ocr_line' id='line_1_89' title="bbox 928 2025 1381 2069; baseline -0.002 -11"><span class='ocrx_word' id='word_1_293' title='bbox 928 2026 1032 2068; x_wconf 84' lang='lat' dir='ltr'>Salve,</span> <span class='ocrx_word' id='word_1_294' title='bbox 1060 2025 1155 2057; x_wconf 91' lang='lat' dir='ltr'>decus</span> <span class='ocrx_word' id='word_1_295' title='bbox 1182 2025 1381 2069; x_wconf 81' lang='lat' dir='ltr'>disciplinae,</span> 
     </span>
     <span class='ocr_line' id='line_1_90' title="bbox 928 2073 1336 2116; baseline 0 -11"><span class='ocrx_word' id='word_1_296' title='bbox 928 2073 1028 2106; x_wconf 87' lang='lat' dir='ltr'>Stella</span> <span class='ocrx_word' id='word_1_297' title='bbox 1051 2073 1131 2105; x_wconf 91' lang='lat' dir='ltr'>lucis</span> <span class='ocrx_word' id='word_1_298' title='bbox 1155 2073 1336 2116; x_wconf 84' lang='lat' dir='ltr'>matutinae,</span> 
     </span>
     <span class='ocr_line' id='line_1_91' title="bbox 929 2121 1315 2159; baseline 0 -6"><span class='ocrx_word' id='word_1_299' title='bbox 929 2122 1005 2153; x_wconf 83' lang='lat' dir='ltr'>Veri</span> <span class='ocrx_word' id='word_1_300' title='bbox 1030 2121 1105 2153; x_wconf 81' lang='lat' dir='ltr'>solis</span> <span class='ocrx_word' id='word_1_301' title='bbox 1130 2124 1165 2153; x_wconf 84' lang='lat' dir='ltr'>tu</span> <span class='ocrx_word' id='word_1_302' title='bbox 1190 2130 1315 2159; x_wconf 87' lang='lat' dir='ltr'>aurora,</span> 
     </span>
     <span class='ocr_line' id='line_1_92' title="bbox 929 2168 1375 2209; baseline 0.004 -9"><span class='ocrx_word' id='word_1_303' title='bbox 929 2168 1031 2209; x_wconf 90' lang='lat' dir='ltr'>Super</span> <span class='ocrx_word' id='word_1_304' title='bbox 1055 2177 1224 2209; x_wconf 85' lang='lat' dir='ltr'>omnesque</span> <span class='ocrx_word' id='word_1_305' title='bbox 1250 2169 1375 2204; x_wconf 86' lang='lat' dir='ltr'>decora.</span> 
     </span>
    </p>
   </div>
   <div class='ocr_carea' id='block_1_41' title="bbox 927 2245 1453 2429">
    <p class='ocr_par' dir='ltr' id='par_1_47' title="bbox 927 2245 1453 2335">
     <span class='ocr_line' id='line_1_93' title="bbox 927 2245 1453 2288; baseline 0.002 -12"><span class='ocrx_word' id='word_1_306' title='bbox 927 2245 1009 2288; x_wconf 88' lang='lat' dir='ltr'>Ave,</span> <span class='ocrx_word' id='word_1_307' title='bbox 1034 2245 1133 2288; x_wconf 84' lang='lat' dir='ltr'>virgo,</span> <span class='ocrx_word' id='word_1_308' title='bbox 1160 2254 1252 2285; x_wconf 88' lang='lat' dir='ltr'>quam</span> <span class='ocrx_word' id='word_1_309' title='bbox 1275 2245 1453 2288; x_wconf 84' lang='lat' dir='ltr'>laudamus,</span> 
     </span>
     <span class='ocr_line' id='line_1_94' title="bbox 927 2292 1301 2335; baseline -0.003 -10"><span class='ocrx_word' id='word_1_310' title='bbox 927 2292 987 2335; x_wconf 90' lang='lat' dir='ltr'>Da,</span> <span class='ocrx_word' id='word_1_311' title='bbox 1013 2292 1116 2325; x_wconf 88' lang='lat' dir='ltr'>securi</span> <span class='ocrx_word' id='word_1_312' title='bbox 1139 2293 1301 2325; x_wconf 88' lang='lat' dir='ltr'>videamus</span> 
     </span>
    </p>

    <p class='ocr_par' dir='ltr' id='par_1_48' title="bbox 928 2340 1326 2375">
     <span class='ocr_line' id='line_1_95' title="bbox 928 2340 1326 2375; baseline -0.005 -2"><span class='ocrx_word' id='word_1_313' title='bbox 928 2341 991 2373; x_wconf 86' lang='lat' dir='ltr'>Ora</span> <span class='ocrx_word' id='word_1_314' title='bbox 1016 2340 1134 2375; x_wconf 80' lang='lat' dir='ltr'>Christi</span> <span class='ocrx_word' id='word_1_315' title='bbox 1156 2341 1326 2373; x_wconf 86' lang='lat' dir='ltr'>iudicantis</span> 
     </span>
    </p>

    <p class='ocr_par' dir='ltr' id='par_1_49' title="bbox 927 2388 1439 2429">
     <span class='ocr_line' id='line_1_96' title="bbox 927 2388 1439 2429; baseline 0 -9"><span class='ocrx_word' id='word_1_316' title='bbox 927 2388 970 2420; x_wconf 86' lang='lat' dir='ltr'>Et</span> <span class='ocrx_word' id='word_1_317' title='bbox 997 2391 1068 2429; x_wconf 89' lang='lat' dir='ltr'>post</span> <span class='ocrx_word' id='word_1_318' title='bbox 1092 2397 1218 2429; x_wconf 88' lang='lat' dir='ltr'>semper</span> <span class='ocrx_word' id='word_1_319' title='bbox 1242 2388 1439 2428; x_wconf 87' lang='lat' dir='ltr'>imperantis.</span> 
     </span>
    </p>
   </div>
  </div>
 </body>
</html>
