1650 2612
693 135 951 173 —149—»

174 225 230 256 45.
259 225 340 270 Ave,
367 228 465 261 clavis
487 239 658 274 carcerum,
854 237 909 269 48.
935 237 1012 279 Ave,
1039 236 1105 268 sole
1127 234 1246 275 purior,

256 274 318 306 Per
342 284 435 315 quam
459 279 559 310 nodos
585 281 737 312 scelerum
937 283 1038 316 Globo
1062 284 1155 315 lunae
1179 282 1294 314 clarior

301 322 362 354 Dei
387 324 482 356 solvit
508 326 648 366 dextera,
983 331 1171 370 Cunctisque
1194 328 1362 369 sideribus,

256 369 319 400 Per
343 372 375 401 te
395 371 501 410 lapsos
527 374 629 414 erigit,
932 377 1134 417 Amplexaris
1158 375 1266 415 filium,

256 415 317 447 Per
341 420 374 448 te
398 428 493 459 vagos
520 420 639 462 dirigit,
933 424 1030 463 Quem
1055 433 1116 457 vox
1139 422 1248 455 laudat
1272 423 1409 454 omnium

302 464 363 495 Per
388 468 421 497 te
445 470 537 498 sanat
560 469 701 501 vulnera.
979 471 1124 513 Psalmis,
1146 471 1281 510 hymnis,
1298 470 1457 509 precibus

171 548 227 579 46.
253 549 333 585 Ave,
359 551 447 582 sidus
472 552 622 596 siderum,
852 557 906 588 49.
932 557 1012 597 Ave,
1038 556 1112 588 Sion
1137 554 1204 587 filia

253 596 339 634 Quae
364 596 487 638 fulgore
505 609 667 632 munerum
930 603 1036 643 Regis,
1064 603 1150 634 cuius
1175 603 1276 642 gloria

300 644 414 676 Omnes
440 646 549 678 stellas
572 648 750 687 praevenis,
977 650 1124 681 Resultat
1147 650 1305 690 alacriter,

252 690 296 721 Es
321 691 426 723 Maria
450 694 584 737 nomine,
928 697 1021 728 Meae
1047 696 1149 728 earnis
1173 699 1368 736 tympanum,

252 737 352 769 Stella
375 740 471 771 maris
496 741 608 780 omine,
929 743 995 775 Mei
1021 743 1126 776 cordis
1150 752 1300 783 organum

300 785 386 823 Quae
409 787 538 825 periclis
560 788 718 821 subvenis.
974 791 1142 823 Modulare
1168 790 1312 823 dulciter.

168 870 222 902 47.
251 873 328 911 Ave,
354 871 434 902 lueis
456 872 559 915 ianua,
849 876 903 907 50.
927 875 1007 915 Ave,
1035 883 1104 906 cum
1126 883 1187 914 qua
1211 875 1341 906 caelitus

250 918 416 952 Portarum
441 921 622 962 praecipua,
930 922 1037 954 Omnis
1061 922 1129 953 Deo
1154 921 1285 960 spiritus

297 965 412 997 Patens
437 967 504 1006 regi
529 967 656 1010 gloriae,
974 969 1131 1000 Decantat
1153 968 1302 1007 Alleluia,

250 1012 308 1050 Qui
335 1014 475 1044 servavit
498 1014 626 1045 veniens
927 1016 1037 1048 Honor
1061 1015 1120 1047 tibi
1144 1015 1267 1057 virgini,

249 1059 318 1090 Neo
342 1059 498 1100 confregit
522 1062 628 1092 exiens
926 1063 1024 1102 Patri,
1046 1065 1130 1102 nato,
1151 1060 1270 1093 flamini

293 1105 387 1138 Seras
412 1108 594 1147 pudicitiae.
972 1109 1021 1141 Sit
1043 1110 1144 1141 virtus
1168 1112 1332 1148 perpetua.

224 1189 315 1217 Psalt.
337 1199 389 1217 ms.
411 1192 480 1217 anm·
501 1189 583 1218 1283.
624 1191 692 1219 Cod.
713 1192 843 1228 Angelie.
863 1193 891 1220 D
911 1193 954 1220 VI
974 1191 1018 1219 10.
1038 1193 1073 1220 A.
1094 1206 1130 1210 —
1151 1192 1219 1220 Cod.
1242 1193 1450 1228 Cantabiigen.

150 1227 189 1255 Ff
209 1227 252 1254 VI
274 1226 316 1254 14.
347 1236 421 1255 saec.
444 1226 486 1256 13.
507 1229 541 1256 B.
571 1244 608 1248 —
642 1230 725 1257 Brev.
755 1231 920 1258 Coronense
940 1239 1007 1258 saee
1032 1229 1076 1257 14.
1123 1230 1191 1257 Cod.
1214 1230 1348 1258 Vatican.
1365 1230 1451 1259 4757.

154 1265 184 1293 O.
205 1279 244 1283 —
263 1265 351 1293 Scala
370 1266 445 1293 caeli
467 1274 542 1294 saec.
566 1265 607 1293 14.
629 1276 672 1294 ex.
713 1268 782 1295 Cod.
806 1268 928 1304 Pragen.
949 1269 1023 1295 XIII
1038 1268 1064 1295 E
1085 1265 1111 1294 3.
1126 1268 1163 1295 D.
1183 1283 1220 1287 —
1240 1268 1319 1295 Orat.
1332 1269 1451 1297 Amesti

153 1303 189 1330 de
208 1303 355 1331 Pardubie
375 1312 416 1331 ca.
441 1302 522 1332 1350.
567 1304 636 1332 Cod.
655 1306 731 1333 Mus.
752 1306 869 1333 Bohem.
890 1304 954 1332 217.
975 1306 1012 1333 Ε.
1038 1321 1077 1325 —
1101 1304 1180 1332 Orat.
1201 1314 1253 1333 ms.
1273 1307 1452 1343 Tegurinum

153 1341 224 1368 anni
257 1340 338 1369 1470.
395 1341 467 1369 Clm.
499 1343 651 1370 Monacen.
683 1342 719 1370 20
727 1342 791 1371 021.
823 1344 855 1371 F.
900 1359 934 1362 —
980 1343 1048 1371 Cori.
1085 1343 1234 1371 Paulanus
1268 1343 1452 1372 Sanblasian.

149 1379 253 1406 memb.
275 1377 321 1406 45.
346 1382 415 1406 anni
438 1378 519 1407 1489.
540 1381 573 1408 G.
594 1395 632 1399 —
660 1381 730 1408 Cod.
751 1381 779 1409 S.
800 1382 880 1409 Petri
901 1382 1100 1417 Salisburgen.
1122 1381 1150 1408 b.
1170 1382 1228 1409 VII
1250 1379 1294 1408 10.
1315 1391 1389 1410 saec.
1407 1380 1451 1410 15.

148 1417 187 1444 Η.
218 1433 254 1436 -
286 1417 354 1445 Cod.
381 1417 477 1445 Palat.
505 1418 707 1446 Vindobonen.
727 1418 811 1447 4919.
833 1428 907 1447 saec.
935 1417 977 1446 15.
997 1420 1020 1447 I.
1050 1433 1088 1438 —
1115 1419 1184 1446 Cod.
1204 1420 1361 1447 Vol-avien.
1386 1418 1448 1447 159.

150 1463 225 1482 saec.
249 1453 293 1482 15.
313 1456 349 1482 K.
372 1469 408 1473 —
429 1456 509 1484 Orat.
529 1464 581 1483 ms.
601 1456 780 1492 'reg-urinum
800 1466 874 1485 saec.
897 1456 941 1485 15.
982 1457 1053 1485 Clm.
1068 1458 1219 1485 Monacen.
1244 1455 1342 1486 19253.
1357 1459 1392 1485 L.
1413 1472 1449 1477 —

151 1493 224 1520 Clm.
244 1494 395 1520 Monaeen.
421 1492 469 1528 (ol.
489 1493 712 1531 Eperspergen.)
736 1493 819 1523 5974.
845 1504 918 1523 saec.
943 1494 985 1522 15.
1005 1496 1045 1522 M.
1074 1511 1104 1515 -
1138 1495 1217 1523 Orat.
1239 1504 1292 1522 ms.
1314 1496 1448 1523 Carthus.

148 1531 312 1558 Erfordien.
340 1539 415 1558 saec.
446 1530 488 1558 15.
513 1532 728 1567 (Privatbesitz)
753 1534 788 1561 N.
819 1547 857 1552 —
887 1534 965 1561 Orat.
994 1542 1046 1560 ms.
1067 1533 1253 1561 Lehninense
1272 1535 1342 1561 anni
1364 1531 1445 1561 1518.

150 1569 222 1596 Cod.
242 1569 411 1596 Berolinen.
430 1569 484 1596 IV0
504 1567 550 1596 29.
571 1569 606 1597 O.

226 1603 248 1634 l.
290 1605 314 1640 1,
335 1605 350 1633 1
377 1606 490 1642 lignum
517 1609 596 1634 vitae
624 1606 658 1640 Ο,
683 1609 765 1635 vitae
789 1608 900 1645 lignum
925 1610 963 1636 D.
989 1623 1024 1628 —
1055 1608 1078 1644 1,
1100 1606 1117 1633 2
1142 1608 1254 1644 lignum
1280 1610 1359 1636 vitae
1377 1608 1451 1643 ΗΜ,

149 1645 273 1672 fructum
301 1645 422 1680 dignum
450 1645 486 1672 D.
515 1659 552 1663 -
582 1643 605 1678 1,
627 1643 644 1672 5
669 1645 737 1673 Flos
762 1646 880 1681 pudoris
906 1647 943 1674 D.
973 1662 1010 1666 —
1035 1646 1061 1680 4,
1083 1644 1100 1673 5
1127 1646 1190 1673 fons
1210 1646 1329 1682 pudoris
1348 1647 1385 1674 D.
1411 1662 1450 1666 —

151 1681 193 1716 11,
214 1681 234 1710 4
257 1683 393 1719 probavit
417 1685 451 1709 ut
479 1685 631 1719 argentum
651 1683 687 1716 H,
707 1686 844 1720 purgavit
862 1688 896 1711 ut
914 1688 1065 1721 argentum
1086 1683 1118 1711 G.
1146 1698 1183 1702 —
1210 1683 1254 1719 11,
1276 1683 1293 1711 5
1313 1686 1451 1721 purgavit

148 1725 182 1748 ut
200 1721 343 1748 talentum
363 1720 400 1752 H,
422 1721 558 1754 probavit
576 1723 610 1748 ut
629 1721 770 1748 talentum
790 1722 824 1750 Gr.
846 1738 883 1742 —
904 1721 947 1757 12,
962 1721 979 1749 2
998 1724 1055 1750 Per
1075 1722 1151 1757 quod
1170 1723 1208 1749 H.
1232 1736 1265 1740 —
1289 1720 1331 1755 13,
1349 1721 1363 1749 1
1383 1723 1447 1750 Ave

146 1768 200 1795 per
226 1767 312 1795 quam
342 1758 372 1786 C.
402 1774 440 1778 —-
466 1757 509 1792 13,
530 1757 547 1785 5
573 1758 618 1785 Ad
635 1759 758 1786 salutem
777 1760 923 1788 Gabrielis
947 1760 976 1792 C,
997 1761 1042 1788 Ad
1062 1760 1267 1787 salutationem
1287 1760 1320 1792 Gr,
1342 1760 1386 1787 Ad
1405 1761 1446 1788 le-

147 1799 247 1833 gatum
268 1797 304 1824 D.
325 1812 361 1816 ——
385 1795 428 1831 15,
452 1795 466 1823 1
488 1797 558 1830 Ave,
579 1805 647 1824 vere
666 1798 718 1824 via
738 1798 769 1831 O,
790 1799 841 1825 via
858 1799 939 1825 vitae
958 1799 996 1826 H.
1019 1813 1051 1817 —-
1077 1796 1120 1831 17,
1141 1795 1159 1823 2
1180 1798 1242 1831 Quo
1266 1806 1298 1824 se
1316 1798 1396 1825 Deus
1418 1798 1448 1831 C,

149 1836 222 1863 Cum
242 1843 274 1862 se
294 1835 373 1862 Deus
394 1835 429 1868 G,
451 1835 495 1862 Ad
516 1843 602 1870 quam
622 1844 654 1862 se
672 1835 752 1862 Deus
773 1836 811 1862 H.
836 1851 840 1854 -
864 1850 870 1854 =
902 1834 945 1869 19,
965 1834 984 1863 4
1004 1836 1095 1864 Salva
1114 1844 1179 1862 reos
1200 1838 1229 1862 et
1248 1836 1284 1863 D.
1307 1850 1344 1854 —
1366 1834 1409 1869 19,
1431 1835 1448 1863 5

150 1873 215 1907 Qua
235 1875 267 1900 in
286 1873 361 1900 hora
381 1873 448 1906 ΕΗ,
471 1873 529 1906 Qui
550 1874 583 1899 in
601 1873 675 1900 hora
693 1874 730 1900 D.
750 1888 787 1892 —
807 1871 851 1908 22,
875 1873 889 1900 1
909 1875 993 1910 virga
1014 1873 1044 1901 C.
1074 1887 1092 1892 -
1137 1871 1181 1906 22,
1201 1871 1221 1900 4
1239 1874 1344 1901 Fracta
1363 1875 1449 1909 virga

147 1912 185 1946 H,
208 1911 317 1939 Sancta
335 1909 420 1947 virgo
441 1911 478 1938 D.
504 1925 542 1929 —
567 1909 612 1945 23,
634 1909 649 1938 1
672 1919 756 1944 quem
775 1913 892 1946 gessisti
912 1912 948 1939 D.
974 1928 1011 1932 —
1037 1910 1081 1945 24,
1102 1909 1120 1937 2
1139 1913 1243 1938 statuit
1260 1913 1325 1939 vias
1346 1912 1383 1940 H.
1411 1927 1446 1931 —

147 1948 192 1983 24,
214 1948 231 1977 5
250 1949 292 1976 Et
311 1950 418 1977 direxit
436 1952 466 1976 te
488 1950 522 1977 D.
545 1964 579 1970 .-
601 1946 646 1983 28,
670 1947 681 1975 1
704 1951 784 1976 intra
802 1950 899 1977 sinum
917 1950 1016 1984 EGH3
1036 1952 1106 1983 Ave,
1126 1952 1225 1984 mater,
1246 1951 1329 1977 ouius
1350 1951 1448 1977 sinum

148 1989 183 2016 D.
204 2003 241 2006 —
262 1985 307 2021 28,
324 1985 342 2015 3
361 1988 567 2015 Adoraverunt
584 1988 621 2015 D.
641 2002 679 2006 —
699 1985 745 2021 28,
759 1986 778 2014 4
797 1987 971 2015 obtulerunt
990 1989 1030 2023 D,
1051 1990 1109 2015 tria
1128 1988 1204 2015 trino
1224 1987 1288 2015 GH.
1309 2003 1347 2006 —
1369 1986 1414 2022 28,
1429 1987 1446 2016 5

145 2029 193 2054 tus
213 2027 313 2054 divino
334 2026 399 2054 GH.
422 2041 456 2045 —
478 2023 524 2059 28,
539 2023 555 2052 6
576 2027 672 2053 carnis
686 2025 722 2052 Ε.
746 2040 781 2044 ——
803 2023 849 2058 30,
868 2025 882 2053 1
897 2026 968 2060 Ave,
989 2026 1090 2054 domus
1104 2027 1245 2062 insignita
1258 2026 1292 2054 G.
1312 2041 1349 2045 -—
1369 2023 1415 2060 30,
1428 2025 1448 2054 4

146 2064 210 2092 Soli
231 2073 336 2101 parens
359 2065 396 2092 D.
419 2079 455 2083 -—
477 2061 522 2097 33,
538 2062 553 2090 1
574 2072 659 2099 quem
673 2065 790 2091 sensisti
804 2064 843 2097 (ἃς
866 2072 950 2100 quem
964 2066 1080 2100 gessisti
1094 2064 1134 2091 D:
1156 2072 1231 2100 quae
1245 2064 1347 2092 vidisti
1361 2065 1392 2091 C.
1407 2079 1445 2083 —

146 2100 192 2136 33,
213 2101 230 2129 2
252 2111 327 2139 quae
346 2104 467 2130 sensisti
487 2102 518 2130 C.
546 2116 584 2120 —
610 2099 655 2135 33,
676 2100 693 2130 3
715 2102 807 2136 Quam
828 2103 867 2129 sit
885 2102 959 2130 lems
981 2103 1014 2131 G.
1062 2120 1077 2123 -
1106 2099 1150 2135 33,
1171 2100 1187 2129 6
1208 2103 1304 2130 Labia
1324 2103 1382 2130 OE..
1409 2118 1446 2122 —

145 2138 190 2176 35,
211 2139 229 2168 2
255 2142 356 2168 vivum
375 2141 474 2168 lumen
494 2141 533 2168 H.
557 2154 597 2159 —
620 2138 665 2174 35,
685 2138 705 2167 4
730 2140 816 2167 quta
835 2140 950 2167 domum
970 2141 1006 2168 D.
1034 2155 1069 2159 —-
1094 2137 1140 2175 37,
1161 2138 1178 2167 2
1199 2140 1322 2168 Sanctus
1341 2141 1399 2168 fuit
1418 2145 1447 2169 et

164 2179 267 2207 udicus
289 2179 322 2207 G.
344 2195 381 2199 —
403 2177 448 2214 38,
464 2178 483 2206 4
504 2179 597 2212 Quam
618 2181 752 2214 exspecto
771 2178 813 2214 D;
836 2178 918 2212 Quod
933 2182 1066 2215 exspecto
1080 2178 1120 2212 G,
1142 2179 1189 2205 eui
1203 2178 1339 2214 delinquo
1353 2180 1389 2207 D.
1408 2195 1444 2199 —

144 2214 188 2251 “8,
205 2215 222 2244 6
242 2217 298 2245 Est
317 2226 382 2245 mea
402 2218 432 2249 O,
455 2218 620 2245 substantia
640 2217 676 2244 D.
697 2232 734 2236 —-—
754 2213 799 2250 39,
813 2214 831 2244 3
853 2219 931 2252 parit
950 2217 983 2245 G.
1004 2231 1041 2235 -—-
1061 2214 1105 2250 39,
1122 2215 1141 2243 4
1161 2225 1192 2244 se
1210 2217 1332 2244 donaret
1344 2217 1376 2250 Ο,
1395 2218 1445 2245 lex

140 2255 242 2283 litaret
253 2255 291 2282 H.
314 2270 350 2274 ——
371 2253 416 2290 39,
432 2254 448 2283 5
468 2256 514 2283 De
532 2257 562 2282 te
582 2263 633 2282 rex
646 2260 732 2282 natus
746 2254 784 2281 H.
806 2270 841 2274 —
861 2253 907 2288 40,
924 2253 938 2282 1
959 2256 1028 2288 Ave,
1050 2256 1140 2283 mater
1153 2255 1189 2282 D.
1210 2270 1247 2274 —
1267 2253 1313 2288 40,
1330 2253 1347 2282 5
1367 2257 1441 2290 eius,

144 2300 230 2328 quem
250 2293 359 2330 figebat
378 2295 416 2328 H,
437 2294 506 2321 dum
567 2294 635 2321 ebat
652 2293 689 2326 D,
711 2301 798 2329 quem
816 2294 939 2329 urgebat
951 2294 985 2322 G.
1006 2308 1042 2312 —-
1062 2291 1107 2326 40,
1123 2290 1140 2319 6
1159 2293 1247 2321 Iudas
1260 2293 1335 2321 falso
1350 2293 1385 2320 E.
1407 2308 1443 2312 —

140 2329 187 2365 42,
208 2330 226 2358 2
245 2333 349 2360 revisit
371 2333 430 2360 OD.
460 2347 496 2351 —-
522 2330 542 2359 4
562 2329 602 2366 ,3
624 2331 703 2359 istud
723 2331 870 2358 saeculum
891 2331 954 2359 GH.
983 2346 1019 2350 —
1045 2330 1091 2364 44,
1112 2328 1129 2359 3
1149 2331 1233 2359 Nites
1253 2331 1289 2359 E.
1309 2346 1347 2350 --
1365 2330 1412 2365 44,
1426 2331 1446 2359 4

142 2378 241 2397 omnes
261 2372 293 2397 tu
313 2378 422 2399 corona
439 2371 476 2399 D.
500 2386 537 2390 —
557 2368 603 2403 44,
625 2368 642 2398 6
664 2370 769 2397 Coetus
791 2371 884 2397 omnis
905 2370 941 2397 D.
962 2385 1000 2389 —
1018 2368 1063 2404 46,
1083 2368 1104 2396 4
1122 2370 1228 2397 munde
1246 2370 1282 2397 D.
1303 2384 1341 2389 —
1359 2368 1405 2404 47,
1426 2368 1443 2397 2

140 2409 210 2436 urbs
231 2408 336 2445 legalis
357 2410 395 2437 Η.
415 2425 454 2429 —
472 2408 518 2444 47,
532 2407 552 2436 4
574 2409 669 2443 Quam
688 2408 818 2444 suscepit
836 2408 875 2436 H.
895 2423 933 2428 —
951 2407 998 2444 49,
1012 2407 1029 2436 5
1052 2409 1148 2436 Fortis
1162 2410 1195 2435 ut
1208 2410 1238 2435 et
1249 2408 1337 2436 iudex
1353 2408 1442 2436 durus
