1650 2612
217 249 258 280 27

214 466 269 498 28.

217 694 271 726 29.

216 919 270 951 30.

216 1147 271 1179 31.

215 1374 270 1405 32.

216 1601 271 1633 33.

214 1829 269 1862 34.

212 2059 266 2091 35.

211 2288 266 2320 36.

722 156 977 190 —267—

297 249 376 287 Ave,
404 258 497 289 quam
522 250 702 283 aedificavit

297 296 341 327 Et
366 296 462 337 elegit
484 298 546 329 sibi
571 298 685 339 David,

298 343 370 381 Oro,
397 344 473 376 mihi
500 345 541 376 da
565 346 745 387 mamillam,

298 390 342 422 Ut
366 392 487 423 lactare
510 392 629 431 possim
654 393 751 425 illam.

297 467 377 508 Ave,
403 475 532 499 servans
557 468 626 507 pias
651 470 781 508 mentes,

296 514 350 554 Et,
365 523 445 553 quae
458 523 540 546 nunc
555 517 709 546 venerunt
716 517 823 555 gentes

297 561 335 592 1n
360 561 569 593 hereditatem
593 564 688 601 tuam,

296 607 367 646 Dic,
395 611 468 640 eant
492 609 524 640 in
549 609 631 640 viam
655 618 743 640 suam

299 693 378 733 Ave,
407 693 446 724 de
471 694 572 734 stirpe
595 693 770 732 Beniamin,

297 740 382 778 Quae
406 741 498 772 sedes
523 749 619 780 super
644 740 822 780 Cherubim,

296 786 372 826 Fac,
398 790 433 818 ut
458 787 554 819 ducat
576 796 633 819 nos
658 787 797 819 Michael

296 835 381 865 Ante
408 834 566 866 dominum
595 834 705 867 Israel.

297 919 376 957 Ave,
403 927 529 958 semper
551 919 734 958 iucundare,

298 966 365 997 Fac
389 975 446 997 nos
472 966 540 998 Deo
565 966 734 1006 exsultare,

298 1013 367 1045 Deo
393 1013 489 1046 Iacob
510 1013 654 1055 iubilare,

295 1060 416 1101 Dignas
442 1060 553 1092 laudes
579 1061 608 1091 ei
634 1060 720 1092 dare.

298 1146 378 1187 Ave,
406 1154 423 1177 o
448 1148 550 1177 mater
574 1145 676 1185 unica,

296 1193 345 1224 Tu
370 1201 527 1232 pauperes
552 1191 697 1235 iustifica,

299 1239 343 1272 Ut
368 1248 401 1270 se
425 1249 508 1271 nunc
534 1239 707 1280 intellegat,

300 1287 360 1325 Qui
384 1286 415 1317 in
441 1286 581 1318 tenebris
606 1286 756 1318 ambulat.

298 1374 378 1412 Ave,
404 1372 493 1412 virgo
518 1371 684 1412 mirabilis,

298 1420 373 1459 Quis
399 1419 460 1450 erit
481 1419 540 1450 tibi
565 1417 702 1449 similis?

300 1467 349 1498 Tu
374 1466 485 1497 similis
510 1466 673 1506 altissimo,

297 1514 365 1545 Fac
388 1522 445 1545 nos
470 1514 599 1553 placere
623 1513 771 1545 Domino.

299 1601 378 1639 Ave,
405 1607 485 1639 quae
509 1598 578 1629 sine
602 1598 726 1629 macula

296 1647 423 1680 Dilecta
448 1645 654 1677 tabernacula

295 1694 364 1726 Deo
388 1696 442 1725 tuo
468 1692 678 1733 praeparasti,

295 1742 427 1780 Quando
451 1743 483 1771 te
507 1739 690 1772 humiliasti.

295 1828 377 1866 Ave,
405 1826 484 1858 caeli
509 1825 674 1865 serenitas,

294 1875 360 1907 Per
384 1883 478 1914 quam
504 1875 553 1904 est
576 1875 647 1904 orta
672 1872 799 1910 veritas,

295 1922 520 1962 Captivitatem
547 1918 682 1959 auferas,

295 1969 527 2010 Benignitatem
552 1967 684 2000 tribuas.

294 2057 375 2096 Ave,
400 2057 513 2095 mater,
538 2053 601 2085 iam
627 2051 751 2095 festina,

294 2105 413 2136 Aurem
438 2105 523 2134 tuam
549 2101 611 2132 huc
635 2100 763 2138 inclina,

295 2153 433 2191 Propter
457 2152 544 2181 tuam
570 2147 768 2179 elementiam

295 2199 445 2232 Nostram
472 2196 595 2228 custodi
621 2195 766 2227 animam.

293 2286 374 2328 Ave,
398 2286 493 2325 porta
518 2283 592 2315 Sion
618 2280 712 2324 facta,

292 2334 384 2366 Dona
408 2332 499 2364 nobis
525 2329 732 2362 fundamenta

292 2383 336 2415 Et
359 2381 481 2413 instrue
505 2377 676 2410 virtutibus

292 2429 329 2462 In
355 2429 417 2460 tuis
443 2426 561 2459 sanctis
586 2424 755 2457 montibus.

894 253 948 285 37.

894 469 948 502 38.

894 694 947 725 39.

895 920 949 951 40.

896 1144 951 1177 41.

896 1371 950 1402 42.

893 1598 948 1629 43.

893 1825 947 1856 44.

896 2053 950 2085 45.

891 2282 946 2314 46.

975 252 1053 292 Ave,
1080 253 1209 294 placens
1233 252 1301 284 Deo
1325 253 1389 293 tuo,

973 300 1075 331 Intret
1098 301 1131 331 in
1157 302 1325 338 conspectu
1349 307 1405 329 suo

975 346 1100 378 Clamor
1124 355 1221 387 meus,
1246 347 1330 378 salus
1354 353 1433 384 mea,

973 393 1094 425 Lumen
1118 402 1235 434 verum,
1263 393 1327 425 vita
1350 401 1428 425 mea.

974 469 1053 509 Ave,
1078 470 1188 509 regina
1211 469 1338 509 gloriae,

974 515 1078 546 Mater
1102 516 1347 557 misericordiae,

973 563 1010 594 In
1036 571 1145 594 aevum
1170 563 1229 594 tibi
1256 562 1398 602 cantabo,

973 609 1035 641 Per
1059 612 1091 641 te
1116 610 1182 642 Deo
1207 610 1316 641 laudes
1343 609 1434 641 dabo.

974 694 1052 736 Ave,
1079 703 1180 726 meum
1204 692 1368 733 refugium,

973 741 1001 772 A
1028 742 1152 773 saeculo
1176 741 1209 772 in
1233 741 1401 779 saeculum,

975 786 1058 819 Laus
1083 791 1137 820 tua
1161 789 1194 819 in
1219 796 1269 818 me
1291 786 1411 825 floreat,

974 834 1059 873 Quae
1076 844 1231 874 nunquam
1247 843 1266 866 a
1282 843 1332 865 me
1348 836 1498 866 transeat.

976 919 1056 960 Ave,
1082 928 1161 959 quae
1186 928 1309 951 sursum
1333 919 1467 958 habitas,

976 966 1022 997 Te
1046 975 1169 1006 precor,
1195 970 1230 997 ut
1253 975 1303 997 me
1328 969 1475 1005 protegas

977 1012 1027 1043 De
1051 1013 1160 1053 laqueo
1185 1014 1365 1045 venantium

976 1059 1020 1090 Et
1043 1059 1156 1100 linguis
1184 1060 1423 1092 detrahentium.

977 1144 1056 1184 Ave,
1082 1153 1199 1183 sponsa
1223 1144 1283 1175 Dei
1307 1144 1385 1183 veri,

978 1190 1035 1222 Cui
1059 1190 1172 1223 bonum
1199 1190 1341 1223 confiteri

976 1237 1184 1270 Decachordo
1209 1238 1361 1277 psalterio

976 1284 1014 1316 In
1040 1285 1162 1317 cithara
1186 1294 1256 1316 cum
1281 1285 1412 1316 cantico.

978 1369 1056 1411 Ave,
1083 1371 1171 1410 virgo
1197 1370 1354 1411 decorata,

978 1416 1072 1448 Cuius
1097 1417 1188 1449 sedes
1215 1419 1261 1448 est
1286 1418 1407 1457 parata,

977 1464 1023 1496 Ut
1047 1465 1152 1495 valeat
1174 1464 1263 1495 illum
1289 1462 1383 1505 ferre,

977 1511 1035 1549 Qui
1061 1509 1198 1543 firmavit
1222 1511 1328 1542 orbem
1355 1513 1469 1542 terrae.

975 1598 1053 1636 Ave,
1080 1597 1193 1628 sedens
1219 1604 1314 1635 super
1338 1596 1482 1627 thronum

975 1643 1042 1675 Deo
1067 1645 1195 1682 placens
1220 1643 1383 1686 ultionum,

974 1690 1025 1722 Da
1048 1699 1105 1722 nos
1130 1691 1176 1722 sic
1201 1690 1370 1731 humiliari,

974 1738 1020 1770 Ut
1043 1739 1198 1777 possimus
1222 1738 1366 1769 exaltari.

979 1823 1054 1861 Ave,
1079 1825 1190 1862 mater,
1215 1831 1305 1862 quam
1331 1822 1485 1861 timemus,

975 1870 1043 1902 Deo
1068 1870 1160 1901 simul
1186 1869 1387 1908 exsultemus,

974 1917 1145 1949 Iubilemus
1169 1920 1273 1948 mente
1297 1917 1367 1956 pari

974 1964 1042 1996 Deo
1067 1967 1174 1997 nostro
1198 1964 1339 1996 salutari.

978 2052 1055 2092 Ave,
1081 2051 1141 2084 tibi
1166 2051 1320 2082 canticum

976 2098 1158 2131 Decantabo
1184 2107 1242 2138 per
1263 2101 1447 2138 tympanum

975 2145 1130 2178 Donando
1156 2145 1223 2177 Deo
1251 2146 1392 2185 gloriam,

975 2193 1020 2226 Ut
1042 2202 1093 2225 me
1121 2194 1214 2225 ducat
1239 2193 1280 2225 ad
1306 2193 1452 2234 patriam.

974 2281 1051 2322 Ave,
1078 2280 1111 2311 in
1136 2289 1197 2319 qua
1222 2281 1333 2319 regnat
1356 2278 1452 2319 Deus,

972 2327 1073 2369 Deus,
1099 2327 1237 2368 inquam,
1262 2335 1321 2366 per
1343 2329 1375 2356 te
1397 2333 1494 2357 meus.

973 2374 1075 2414 Super
1100 2383 1207 2407 omnes
1233 2373 1404 2406 altissimus

975 2422 1023 2454 Sit
1048 2423 1124 2454 mihi
1148 2431 1232 2454 nunc
1256 2421 1424 2462 propitius,
