1650 2612
234 213 288 244 20.

231 661 284 692 21.

234 887 289 917 22.

232 1110 286 1141 23.

231 1335 286 1367 24.

234 1559 286 1589 25.

234 1784 288 1815 26.

231 2009 285 2040 27.

231 2225 284 2258 28.

738 115 991 149 —258—

314 212 393 251 Ave,
418 212 570 242 secretum
596 209 739 249 virginis,

313 259 379 297 Quo
402 256 556 298 processit
577 256 633 286 iux
655 256 781 286 luminis

313 305 356 336 Et
380 303 496 336 adiecit
519 311 613 342 super
637 311 757 334 ornnem

316 352 404 384 Iesus
422 349 564 382 Christus
580 350 681 389 patris
697 349 831 381 laudem.

314 437 409 468 Pater
434 434 514 464 enim
540 434 704 473 potestatis
756 435 762 444 ¹

314 483 433 515 Cuncta
457 489 566 512 creans
591 481 737 521 innotuit,

314 529 406 560 Pater
430 535 504 558 vero
531 527 706 559 dulcedinis

311 576 350 608 In
375 574 498 607 Christo
523 574 612 605 nobis
640 574 761 607 claruit.

314 661 391 699 Ave,
418 659 517 689 vellus
544 659 702 698 puritatis,

314 707 350 738 In
376 714 435 746 quo
459 705 545 736 Deus
570 706 743 737 maiestatis

317 753 477 785 Inundans
501 755 659 792 tamquam
682 753 791 792 pluvia

314 799 489 832 Distillavit
513 799 545 830 in
571 800 681 839 gratia.

315 885 394 922 Ave,
422 883 507 914 cuius
533 886 581 915 est
602 883 685 915 filius

311 931 421 963 Rectis
447 931 542 961 corde
565 931 664 962 bonus
687 931 783 974 Deus,

312 978 371 1017 Qui
394 978 427 1009 in
450 985 518 1008 eum
544 979 745 1019 convertitur,

316 1025 432 1056 Plenos
459 1024 525 1055 dies
551 1025 760 1063 consequitur.

312 1110 391 1148 Ave,
418 1111 503 1139 terra
527 1108 675 1149 virginea,

314 1156 351 1187 In
377 1156 462 1187 cuius
486 1155 572 1187 Deus
596 1156 699 1187 medio

312 1202 428 1234 Salutis
454 1205 501 1232 est
528 1203 677 1241 mysteria

312 1249 465 1288 Operatus
492 1248 525 1279 in
553 1247 629 1279 filio.

311 1335 390 1372 Ave,
415 1335 526 1372 potens
552 1333 729 1373 virtutibus,

312 1381 406 1412 Cuius
430 1379 463 1410 in
489 1388 580 1410 cruce
604 1379 687 1411 filius

311 1427 464 1458 Exaltans
489 1426 564 1457 iusti
590 1435 705 1458 cornua

313 1472 440 1505 Peccati
465 1471 560 1512 fregit
583 1473 717 1507 vincula.

313 1558 392 1596 Ave,
419 1557 504 1589 cuius
531 1560 578 1588 est
601 1556 683 1589 filius

311 1604 412 1636 Notus
434 1604 468 1635 in
492 1604 610 1636 Iudaea
633 1605 729 1646 Deus,

311 1651 350 1682 In
374 1651 475 1684 Israe1
498 1660 609 1683 nomen
636 1652 700 1683 eius

311 1698 459 1738 Magnum
486 1701 571 1729 recte
596 1699 806 1733 credentibus,

315 1785 394 1823 Ave,
419 1786 528 1824 mater,
555 1792 593 1814 ex
618 1793 679 1823 qua
702 1787 805 1816 notam

310 1830 401 1861 Fecit
423 1830 508 1861 Deus
532 1840 656 1862 manum
682 1840 768 1863 suam

309 1877 353 1909 Et
374 1878 505 1918 populos
530 1878 561 1908 in
584 1878 712 1910 brachio

310 1924 456 1955 Redemit
478 1925 647 1964 unigenito.

310 2012 387 2051 Ave,
414 2011 524 2048 mater,
552 2009 590 2040 de
615 2019 676 2050 qua
699 2010 789 2043 nobis

309 2056 501 2095 Angelorum
525 2060 616 2088 natus
637 2058 726 2096 panis

311 2102 377 2133 Nos
400 2107 530 2134 renovat
554 2107 586 2134 et
608 2103 711 2136 reficit

309 2149 353 2180 Et
375 2150 408 2180 in
432 2149 535 2188 seipso
559 2150 694 2190 perficit.

310 2224 391 2265 Ave,
416 2224 525 2263 regina
548 2226 665 2267 gaudii,

310 2272 405 2304 Cuius
430 2271 574 2303 caelestis
596 2272 656 2304 filii

312 2318 506 2351 Christianus
532 2322 580 2350 est
603 2322 737 2359 populus

309 2366 352 2397 Et
376 2374 449 2398 oves
472 2375 607 2405 pascuae
631 2368 707 2401 eius.

903 211 958 243 29.

906 436 960 467 30.

903 662 957 694 31.

901 888 955 919 32.

903 1113 956 1144 33.

902 1337 955 1369 34.

902 1564 956 1594 35.

901 1790 952 1822 36.

901 2017 954 2048 37.

901 2234 954 2265 38.

983 212 1063 249 Ave,
1097 210 1137 240 de
1161 218 1220 248 qua
1246 210 1332 241 Dcus
1358 218 1506 248 summus,

982 258 1021 289 In
1046 257 1117 288 sinu
1141 256 1241 294 patris
1264 256 1386 295 unicus,

983 304 1042 342 Qui
1067 302 1157 335 sedet
1180 311 1277 341 super
1303 303 1481 342 Cherubim,

984 351 1127 389 Apparet
1151 358 1254 380 coram
1275 349 1437 388 Ephraim.

987 436 1064 477 Ave,
1093 442 1131 464 ex
1156 443 1218 473 qua
1241 433 1383 466 Christus
1408 437 1495 465 ortus

982 482 1054 514 Non
1085 482 1133 512 est
1163 489 1272 511 recens
1296 481 1385 512 nobis
1410 481 1506 522 Deus,

984 528 1039 567 Qui
1066 528 1133 560 Deo
1158 527 1244 567 patri
1268 526 1351 558 filius

982 575 1043 607 Est
1062 577 1189 607 aeterno
1216 576 1408 608 coaeternuS.

982 661 1061 700 Ave,
1090 659 1176 690 cuius
1202 662 1250 690 est
1273 659 1356 690 filius

980 708 1067 740 Deus
1094 707 1221 738 deorum
1249 707 1400 749 dominus,

983 754 1073 786 Solus
1099 754 1173 785 deos
1200 753 1376 785 diiudicans

981 801 1025 833 Et
1047 802 1080 833 in
1104 809 1138 831 se
1163 800 1357 833 beatificans.

981 887 1060 924 Ave,
1086 885 1179 917 stella
1203 886 1355 926 paradisi,

982 933 1089 965 Mater
1109 932 1195 963 iuius
1219 931 1287 973 filii,

983 980 1040 1018 Qui
1065 979 1149 1011 solus
1175 982 1223 1010 est
1246 980 1416 1011 altissimus

981 1027 1025 1058 Et
1047 1034 1160 1058 nomen
1183 1026 1233 1057 illi
1256 1026 1419 1059 Dominus.

983 1112 1062 1151 Ave,
1088 1111 1182 1143 stella
1207 1111 1379 1154 virginalis,

984 1158 1077 1190 Cuius
1102 1160 1221 1199 partus,
1246 1159 1329 1189 lator
1352 1159 1442 1199 legis,

981 1205 1041 1236 Est
1064 1205 1096 1236 in
1122 1205 1191 1235 sinu
1216 1205 1276 1236 Dei
1300 1206 1401 1244 patris

982 1251 1082 1284 Dator
1108 1252 1344 1284 benedictionis.

982 1338 1060 1377 Ave,
1086 1340 1173 1368 terra
1196 1336 1373 1378 benedicta,

981 1382 1187 1415 Fructificans
1211 1385 1372 1426 mysteria,

983 1430 1077 1462 Cuius
1101 1438 1191 1461 sacra
1216 1430 1393 1463 fecunditas

980 1477 1040 1509 Dei
1064 1477 1165 1516 patris
1191 1480 1238 1508 est
1260 1478 1387 1512 veritas.

982 1564 1062 1604 Ave,
1089 1565 1198 1605 mater,
1227 1563 1314 1594 cuius
1340 1566 1464 1602 partum

983 1610 1096 1642 Omnes
1120 1612 1228 1649 gentes
1254 1619 1361 1641 verum
1384 1611 1487 1643 Deum

983 1657 1128 1689 Adorant
1153 1659 1184 1687 et
1210 1656 1396 1700 glorificant,

983 1704 1187 1744 Confitentur,
1213 1704 1425 1745 magnificant.

979 1790 1057 1828 Ave,
1085 1789 1228 1821 caelestis
1255 1790 1377 1825 civitas,

982 1837 1077 1869 Cuius
1099 1836 1185 1868 Deus
1210 1836 1399 1878 fecunditas,

980 1885 1060 1921 Ave,
1087 1883 1171 1926 Sion,
1198 1884 1231 1915 in
1256 1894 1318 1924 qua
1342 1890 1434 1917 natus

980 1931 1039 1963 Est
1063 1930 1213 1963 fundator
1235 1932 1305 1971 ipse
1329 1936 1410 1965 tuus.

980 2017 1060 2055 Ave,
1086 2018 1186 2047 mater
1212 2017 1278 2047 veri
1301 2016 1371 2059 Dei,

982 2064 1039 2102 Qui
1065 2072 1122 2102 pro
1147 2063 1239 2094 nobis
1266 2067 1315 2094 est
1338 2067 1490 2102 mortuus,

983 2110 1094 2142 Portas
1120 2108 1275 2149 confregit
1298 2109 1403 2152 inferi,

981 2158 1012 2188 A
1034 2156 1166 2189 mortuis
1189 2156 1272 2187 liber
1297 2158 1391 2189 solus.

980 2233 1059 2270 Ave,
1088 2232 1223 2263 caeleste
1246 2232 1357 2273 lilium,

979 2280 1042 2311 Per
1068 2278 1153 2310 cuius
1176 2276 1286 2310 florem
1310 2281 1437 2314 unicum

981 2326 1146 2357 Fidelibus
1172 2329 1220 2356 est
1243 2330 1405 2360 aeternum

980 2373 1214 2405 Testamentum
1240 2373 1434 2413 dispositum.
