1651 2613
695 135 949 170 —257—

565 229 757 263 Secunda
782 232 1072 272 Quadragena.

206 304 238 336 1.
263 305 344 346 Ave,
371 306 482 343 mater,
509 305 596 337 cuius
621 309 731 346 partus

263 350 310 383 Ut
334 352 418 383 oliva
442 351 609 384 fructifera

264 399 445 430 Patibulum
472 400 573 431 crucis
598 409 709 440 passus

263 446 363 477 Totus
389 446 481 477 fluxit
505 447 536 477 in
562 448 673 486 gratia.

206 524 239 555 2.
265 522 345 562 Ave,
371 524 483 563 mater,
509 522 596 553 cuius
621 525 731 562 partus

264 568 338 600 Sine
364 569 456 608 culpa
480 568 542 600 fuit
567 579 655 608 unus,

264 616 323 655 Qui
348 624 407 647 nec
431 617 531 648 traxit
555 616 675 656 origine

262 663 395 703 Culpam
420 666 512 694 natus
539 672 576 694 ex
602 663 732 703 virgine.

205 740 236 771 3.
262 739 341 780 Ave,
368 741 480 780 mater,
508 738 594 769 cuius
619 740 730 777 partus

264 785 418 818 Caelestis
443 785 543 824 patris
567 786 688 824 unicus,

263 832 363 864 Nobis
390 835 438 864 est
461 833 672 864 voluntarium

262 879 403 911 Effectus
428 878 627 911 sacrificium.

203 957 235 989 4.
261 956 343 997 Ave,
372 964 411 986 ex
433 964 494 994 qua
519 955 664 987 Christus
688 959 775 986 ortus

266 1003 409 1042 Vespere
433 1002 552 1041 pascha
577 1002 693 1043 docuit,

262 1050 316 1082 Ad
341 1050 478 1082 Pilatum
504 1057 596 1079 mane
621 1049 733 1080 ductus

265 1097 439 1129 Veritatem
462 1095 629 1138 nuntiavit,

262 1172 401 1204 Meridie
427 1169 594 1202 crucifixus

262 1220 292 1251 A
317 1222 411 1260 patre
436 1221 484 1249 est
509 1217 674 1249 exauditus

260 1266 305 1298 Et
328 1266 464 1297 moriens
488 1268 621 1296 mortem
646 1265 732 1302 vicit,

260 1313 318 1352 Qui
345 1313 385 1344 de
407 1316 507 1344 morte
532 1312 717 1344 resurrexit.

203 1391 233 1422 5.
259 1390 339 1431 Ave,
366 1388 475 1428 regina
500 1388 666 1429 virginum,

261 1436 400 1468 Laetitia
423 1434 575 1473 fidelium,

261 1483 347 1522 Quae
371 1482 525 1522 peperisti
549 1483 697 1522 gaudium

259 1531 296 1563 In
321 1530 439 1561 lumine
463 1529 645 1562 viventium.

199 1608 229 1639 6.
259 1607 338 1646 Ave,
367 1606 453 1637 cuius
480 1608 528 1636 est
552 1604 635 1637 filius

260 1653 362 1693 Super
388 1653 490 1684 caelos
515 1652 680 1696 exaltatus,

258 1701 303 1733 Et
325 1700 424 1740 ipsius
451 1703 498 1731 est
521 1700 622 1740 gloria

259 1748 296 1780 In
323 1748 427 1779 omnia
450 1747 625 1779 terrestria.

202 1825 232 1858 7.
257 1825 337 1862 Ave,
363 1823 402 1855 de
427 1832 489 1863 qua
511 1823 600 1855 Deus
625 1826 716 1856 natus

259 1871 378 1910 Utique
403 1873 450 1902 est
474 1870 574 1901 iustus
600 1870 720 1904 fructus

259 1919 408 1951 Iudicans
435 1926 487 1949 eos
511 1918 543 1948 in
570 1920 665 1961 terra,

257 1966 303 1999 Ut
327 1966 448 1998 exaltet
471 1965 512 1996 ad
537 1968 675 1999 aeterna.

197 2046 228 2078 8.
251 2044 330 2085 Ave,
358 2042 444 2073 cuius
469 2042 501 2073 in
527 2043 651 2075 arcanis

257 2092 460 2124 incarnatum
486 2090 617 2121 verbum
641 2091 741 2130 patris

256 2139 301 2171 Et
327 2137 466 2169 cucurrit
489 2137 557 2168 sine
583 2138 675 2177 culpa

254 2186 298 2219 Et
324 2185 442 2218 direxit
464 2185 497 2216 in
521 2184 630 2225 gloria.

196 2255 227 2287 9.
253 2255 333 2295 Ave,
361 2253 400 2284 de
425 2260 487 2291 qua
511 2251 612 2290 patris
637 2252 767 2284 verbum

258 2301 360 2333 Causa
384 2299 485 2331 nostri
511 2307 583 2330 caro
608 2298 735 2343 factum,

253 2349 291 2381 In
316 2348 500 2380 Idumaeam
524 2347 662 2386 gentium

253 2396 410 2429 Extendit
436 2396 692 2429 calceamentum.

215 2456 343 2480 Dreves.
360 2454 483 2478 Psalteria
497 2453 653 2483 Rhythmica.
684 2455 706 2478 Ι,

863 307 915 340 10.
942 307 1023 346 Ave,
1050 311 1161 348 mater,
1188 308 1274 339 cuius
1299 308 1384 338 solus

860 524 913 557 11.

859 740 913 771 12.

857 957 911 989 13.

858 1172 912 1204 14.

858 1388 912 1421 15.

855 1606 910 1639 16.

857 1823 910 1855 17.

854 2043 907 2075 18.

852 2250 905 2284 19.

941 354 1026 385 Deus
1052 358 1083 387 et
1106 356 1197 387 homo
1222 354 1305 386 filius

940 402 971 433 A
994 400 1110 434 finibus
1134 405 1238 433 terrae
1261 402 1384 444 clamat,

940 448 1023 479 Dum
1048 458 1105 481 nos
1128 449 1188 480 sibi
1206 449 1346 480 membra
1362 451 1462 481 sonat.

939 524 1019 564 Ave,
1045 527 1155 561 mater,
1183 525 1268 555 cuius
1293 527 1419 563 partum

939 570 1041 602 Semel
1067 575 1115 603 est
1137 572 1224 603 Deus
1248 571 1382 609 locutus,

938 617 1021 649 Dum
1053 618 1181 650 verbum
1214 618 1312 657 patris
1337 618 1462 649 unicum

939 664 1023 696 Tuus
1048 674 1122 698 vere
1147 667 1195 696 est
1216 663 1307 696 filius.

938 740 1017 776 Ave,
1044 741 1137 772 stella
1159 740 1350 778 caelestium,

937 787 1067 819 Pariens
1091 788 1193 818 lucem
1219 786 1366 826 gentium,

938 834 1067 866 Partum
1093 835 1179 865 cuius
1204 834 1381 872 adoramus,

937 880 1020 912 Dum
1047 880 1086 912 de
1108 881 1179 912 luce
1204 880 1376 920 vigilamus.

937 957 1016 993 Ave,
1042 956 1194 987 iustorum
1219 955 1376 996 gaudium,

938 1003 976 1034 In
1001 1002 1087 1034 cuius
1113 1006 1243 1041 sperant
1265 1001 1365 1033 filium

937 1049 981 1081 Et
1003 1049 1173 1082 laudantur
1197 1049 1276 1080 recti
1302 1048 1406 1086 corde,

938 1095 982 1128 Ut
1003 1096 1160 1127 laetentur
1182 1096 1216 1127 in
1240 1095 1357 1135 requie.

938 1171 1016 1213 Ave,
1046 1169 1121 1203 Sion
1141 1171 1197 1202 illa
1220 1171 1319 1212 pacis,

937 1217 976 1249 In
1001 1226 1062 1257 qua
1087 1218 1178 1249 decet
1199 1218 1332 1258 hymnus
1349 1219 1460 1260 Deum,

939 1265 1055 1296 Aulam
1080 1268 1153 1296 tuae
1178 1265 1332 1297 castitatis

939 1312 997 1350 Qui
1022 1311 1083 1343 sibi
1108 1311 1184 1343 fecit
1208 1312 1389 1347 thalamum.

940 1389 1018 1424 Ave,
1047 1388 1086 1419 de
1112 1387 1198 1418 cuius
1221 1386 1287 1419 filio

938 1434 1110 1466 Iubilamus
1135 1435 1219 1474 patri
1243 1434 1321 1477 Deo,

937 1482 1080 1514 Psalmos
1106 1482 1214 1513 damus
1240 1484 1272 1513 et
1295 1483 1459 1514 laudamus

937 1529 980 1560 Et
1004 1529 1037 1559 in
1061 1529 1191 1569 psalmis
1218 1529 1431 1563 decantamus,

935 1605 1014 1646 Ave,
1040 1607 1136 1643 terra,
1163 1614 1242 1645 quae
1268 1606 1384 1637 dedisti

936 1653 1087 1684 Fructum
1111 1652 1178 1684 Deo
1206 1652 1386 1693 confitendi,

937 1699 1031 1731 Cuius
1057 1702 1104 1731 est
1127 1700 1305 1732 benedictio

938 1747 1021 1778 Vera
1045 1748 1092 1778 sui
1119 1747 1264 1787 cognitio.

936 1823 1016 1865 Ave,
1043 1823 1195 1862 templum
1219 1823 1402 1864 Ierusalem,

934 1869 1064 1902 Habens
1090 1870 1255 1901 caelestem
1278 1871 1424 1911 speciem,

933 1918 963 1949 A
989 1917 1075 1949 cuius
1100 1918 1278 1949 sanctuario

933 1965 1095 1997 Processit
1117 1965 1218 2005 patris
1244 1965 1333 1998 visio.

933 2042 1011 2084 Ave,
1038 2045 1149 2080 mater,
1175 2050 1233 2082 per
1258 2051 1351 2082 quam
1368 2042 1457 2074 salva

930 2088 986 2120 Fit
1011 2088 1161 2121 confitens
1187 2088 1261 2121 Sion
1286 2093 1403 2133 nostra,

932 2136 985 2174 Et,
1012 2137 1124 2176 quibus
1151 2137 1245 2168 datur
1269 2137 1381 2178 gratia,

932 2183 1160 2216 Inhabitabunt
1181 2184 1214 2215 in
1241 2193 1286 2216 ea.

930 2250 1010 2290 Ave,
1036 2259 1094 2290 per
1119 2252 1206 2282 cuius
1229 2250 1329 2283 filium

933 2298 1020 2330 Deus
1044 2298 1077 2330 in
1101 2299 1292 2331 adiutorium

937 2346 1033 2378 Pater
1058 2345 1211 2378 festinans
1237 2347 1374 2387 gentium

933 2393 1076 2426 Intendit
1099 2395 1140 2427 ad
1165 2395 1389 2427 adiuvandum.

1254 2448 1289 2477 17
