1650 2612
685 114 942 154 -197-1-

165 208 225 237 AB.
246 223 282 228 -
308 206 350 243 12,
371 206 389 237 3
410 209 524 239 Christo
551 211 656 248 plaude
675 213 707 240 Β.
729 227 765 233 -—-
788 212 830 249 15,
854 212 867 241 1
890 213 926 241 de
946 214 1026 242 caelo
1046 213 1081 242 K.
1101 229 1139 234 —
1161 211 1203 248 15,
1222 209 1240 241 2
1260 212 1344 242 Galix
1364 216 1408 242 est
1427 212 1462 243 de

166 249 262 276 crucis
282 249 318 276 Κ.
340 262 377 266 -
392 246 435 283 16,
450 247 468 277 3
482 250 580 277 Gnara
600 250 673 278 fehlt
687 251 720 278 B.
741 267 775 271 -
793 250 836 285 17,
850 250 869 279 4
883 252 930 279 Ad
950 252 1150 280 debellandum
1170 252 1206 279 K.
1220 267 1257 271 —
1271 252 1328 279 Str.
1350 250 1384 279 18
1404 253 1463 280 und

167 284 202 313 19
221 286 390 322 umgestellt
403 288 438 315 K.
459 303 495 307 -—
512 285 554 321 18,
571 286 585 314 1
607 288 642 316 de
662 289 744 316 euius
763 291 865 317 intimo
882 290 915 317 B.
928 306 966 310 —
983 288 1024 324 19,
1040 288 1058 316 2
1077 291 1132 318 fuit
1151 292 1180 318 et
1192 293 1237 318 est
1248 292 1362 325 gratum
1376 290 1412 317 K.
1425 306 1463 310 —

165 322 210 357 20,
225 321 243 351 3
255 324 319 351 Iam
339 324 486 352 caelorum
508 326 540 359 Β,
561 325 601 352 Et
621 326 766 354 caelorum
786 328 822 355 K.
837 342 873 346 —
888 325 932 360 21,
951 326 965 354 1
986 328 1021 354 de
1040 328 1112 356 fehlt
1130 328 1165 355 Κ.
1179 342 1216 347 —
1230 326 1274 363 22,
1293 326 1307 354 1
1327 329 1409 363 virgo
1423 329 1460 356 Κ.

165 376 201 380 -
217 360 261 397 22,
277 360 294 388 2
315 362 422 400 Stirpis
442 364 523 391 Iesse
545 365 731 391 sanctissima
749 366 785 392 K.
802 381 837 385 ——
853 364 897 399 22,
910 363 927 392 3
946 366 992 392 Tu
1004 365 1166 399 produxisti
1179 366 1214 393 K.
1229 380 1265 385 —-
1279 363 1324 401 22,
1337 364 1356 392 4
1368 374 1460 402 popu-

165 399 226 426 lum
246 400 279 427 B.
301 415 336 419 --
358 398 402 433 23,
416 400 436 428 4
455 402 555 428 Vincit
573 401 606 428 B.
629 416 661 420 —
684 400 729 435 24,
746 401 761 430 1
785 404 949 431 castissima
967 404 1002 430 Κ.
1015 417 1049 421 --
1065 401 1109 437 24,
1125 401 1142 430 2
1162 404 1253 431 Beata
1272 405 1353 430 cuius
1375 403 1406 429 B.
1427 419 1463 423 —

165 436 211 471 25,
226 437 246 465 4
260 438 341 472 Quae
356 441 400 465 est
413 439 558 467 Christum
573 439 608 466 K.
625 454 661 458 —
674 437 718 473 27,
733 437 751 467 2
764 439 803 468 Et
816 441 910 468 cordis
927 441 1002 468 13.—
1017 438 1062 473 27,
1074 439 1091 469 3
1105 445 1163 468 tam
1178 442 1276 468 floruit
1289 441 1320 474 Β,
1335 440 1465 468 refloruit

165 476 203 503 K.
226 492 260 496 -
281 473 326 509 27,
347 474 366 503 4
383 476 512 510 Quando,
535 478 622 510 Deus,
644 480 673 505 te
693 480 795 513 genuit
813 479 849 506 K.
867 493 903 497 —
923 475 968 511 28,
982 476 999 504 2
1019 479 1113 506 vincis
1132 479 1228 506 lilium
1241 478 1276 511 N,
1297 487 1388 524 gegen
1408 479 1464 506 den

165 514 259 541 Reim.
282 528 316 532 —
337 511 383 547 30,
404 513 422 541 2
442 515 596 543 Gustatum
617 515 694 550 quod
714 515 750 543 K.
774 530 807 535 —
828 514 873 551 30,
893 514 913 543 4
932 516 1006 543 lates
1027 516 1106 544 cultu
1125 517 1161 544 K.
1182 532 1219 536 —-
1239 513 1284 549 31,
1303 514 1320 543 <3
1342 516 1462 549 Quando

165 552 287 579 verbum
314 552 370 579 Dei
398 561 512 580 carnem
533 553 569 580 K.
596 567 634 571 -
653 550 697 587 31,
719 551 738 579 4
761 562 820 581 non
839 562 890 589 per
910 561 1022 580 carnem
1046 556 1074 580 te
1094 555 1252 590 corrumpit
1272 554 1302 580 B.
1323 569 1361 573 —
1379 551 1425 588 34,
1445 552 1464 580 2

164 589 285 617 Sincera
304 591 387 617 cuius
410 590 447 625 33
467 591 515 618 die
534 598 627 627 ganze
646 591 702 618 Str.
722 590 816 618 lautet
836 593 868 618 in
887 592 927 618 K:

560 628 631 661 Ave,
653 630 754 656 nostra
772 630 945 662 miseratrix,

559 666 603 693 Tu
625 666 728 693 salutis
750 667 904 702 operatrix,

561 704 606 730 'Pu
627 703 791 731 Ezechielis
811 706 904 739 porta,

560 741 608 768 Ex
627 743 657 768 te
676 741 764 769 Iacob
786 742 872 769 stella
891 744 964 769 orta.

164 786 211 822 35,
234 786 248 814 1
269 788 341 820 Ave,
362 790 453 815 mater
473 789 505 816 B.
540 805 558 808 —
584 786 629 821 38,
649 786 666 816 3
687 788 760 816 Eius
782 791 811 816 et
828 789 854 816 Α
862 797 869 824 ;
892 789 973 822 Quae
992 789 1147 816 coniuncta
1166 796 1243 815 nunc
1263 788 1355 815 eidem
1375 788 1411 814 K.
1426 803 1463 807 —-

165 824 210 860 38,
224 824 244 853 4
262 825 304 853 Es
325 827 427 861 regina
446 827 524 853 facta
543 826 655 861 pridem
673 827 709 854 K.
722 824 814 859 -41,
827 824 845 853 2
865 835 950 863 quem
971 827 1071 853 bibisti
1086 827 1121 854 K.
1137 841 1172 845 -
1186 824 1231 858 41,
1244 823 1261 853 3
1276 826 1349 860 Regi
1364 834 1462 861 regum

164 867 194 891 te
220 864 315 891 fecisti
335 864 372 891 Κ.
396 878 429 883 -
450 862 496 897 41,
517 862 536 891 4
556 865 648 898 Quem
667 864 765 892 videre
791 866 856 891 sitis
876 865 996 891 multum
1018 864 1058 898 N3
1078 864 1265 897 Thalamum,
1286 863 1355 890 dum
1375 864 1464 892 eredi-

164 902 234 929 disti
253 903 290 929 K.
302 916 340 920 —
353 899 399 934 42,
411 899 428 929 3
449 910 562 937 semper
578 902 651 929 fehlt
664 902 701 935 B,
724 902 895 936 adduxitB;
917 902 1020 929 dilexit
1031 901 1067 927 K.
1087 916 1123 921 —
1143 899 1218 934 43,4
1237 902 1291 928 Per
1310 904 1339 928 te
1358 909 1463 929 nomen

162 941 333 967 invocamus
346 940 382 966 K.
408 955 426 961 -
460 938 506 973 44,
519 938 536 966 2
558 939 652 971 Casta,
674 939 799 975 prudens
821 942 849 967 et
866 940 903 966 K.
923 955 960 959 -
980 936 1054 971 44,3
1074 941 1099 966 A
1119 940 1228 966 dextris
1249 941 1347 966 astans
1366 938 1403 965 K.
1424 954 1460 958 —

162 976 208 1011 44,
222 976 242 1004 4
262 974 384 1013 pulchro
403 979 439 1005 K.
463 992 498 996 --
511 976 558 1010 45,
572 975 590 1003 2
609 978 727 1004 Aeterni
747 978 824 1013 regis
843 977 879 1004 K.
900 992 936 996 -—
950 975 995 1010 45,
1010 974 1027 1003 3
1047 977 1131 1004 vivus
1151 977 1215 1004 fons
1235 977 1272 1004 K.
1296 990 1330 995 —-
1352 976 1408 1003 Str.
1422 975 1459 1004 48

162 1015 236 1042 fehlt
255 1016 288 1042 A.
309 1030 346 1034 ——
366 1013 412 1049 48,
427 1013 444 1043 3
464 1016 546 1042 decet
565 1016 600 1042 K.
620 1029 657 1033 —
677 1012 722 1047 49,
738 1013 756 1041 2
776 1018 804 1042 et
823 1016 948 1050 gratiam
966 1015 1000 1047 A,
1020 1015 1051 1040 in
1067 1016 1190 1050 gratiam
1203 1014 1239 1041 Κ.
1254 1028 1290 1032 -
1303 1012 1350 1047 49,
1370 1011 1388 1040 3
1409 1016 1461 1050 qui

163 1053 236 1080 fehlt
254 1053 297 1087 K;
315 1052 445 1089 greditm·
464 1053 498 1080 A.
518 1067 556 1072 —
575 1051 620 1085 49,
641 1050 660 1079 4
679 1052 746 1079 Illic
767 1053 801 1079 K.

238 1088 275 1119 Π.
296 1090 363 1117 Alle
383 1089 526 1126 Strophen
553 1090 648 1117 dieser
669 1090 878 1126 Quinquagene
898 1090 1019 1124 beginnt
1037 1089 1064 1115 N
1087 1091 1140 1116 mit
1157 1090 1253 1117 Salve.
1274 1104 1311 1108 --
1332 1086 1356 1123 1,
1381 1086 1399 1115 3
1418 1090 1464 1117 Tu

162 1137 215 1155 vas
237 1129 274 1162 K,
293 1128 353 1155 Vas
380 1136 410 1155 es
433 1129 468 1155 N.
496 1142 531 1146 —
558 1127 581 1161 1,
602 1126 621 1154 4
641 1127 814 1162 perfundens
834 1127 870 1153 K.
897 1141 930 1145 —
956 1125 982 1159 2,
1005 1125 1024 1153 4
1046 1126 1087 1154 Et
1105 1129 1256 1163 peccantes
1277 1127 1313 1154 K.
1340 1140 1377 1144 —
1397 1124 1423 1161 3,
1444 1126 1463 1154 4

164 1169 209 1193 est
218 1166 291 1193 fehlt
298 1166 334 1193 K.
346 1181 382 1185 —-
392 1165 419 1199 4,
434 1166 452 1193 3
463 1166 608 1192 advolasti
621 1163 653 1191 K.
665 1162 739 1196 —4,
752 1163 771 1192 4
782 1165 825 1191 Ad
839 1166 977 1200 requiem,
991 1172 1076 1200 quam
1091 1166 1120 1192 B.
1132 1181 1152 1184 -
1179 1164 1235 1192 Str.
1248 1161 1365 1191 51autet
1376 1164 1408 1190 in
1418 1165 1462 1192 K:

558 1204 629 1235 Ave,
652 1203 802 1236 praeclara
823 1203 956 1229 omnibus

556 1240 705 1276 Angeh'eis
724 1241 891 1275 virtutibus,

561 1278 650 1305 Cuius
670 1278 726 1304 fuit
746 1279 906 1313 assumptio

557 1317 665 1344 Nostra
684 1315 867 1350 glorificatio.

162 1363 189 1397 6,
209 1362 227 1392 3
251 1364 340 1392 Cuius
357 1368 442 1392 natus
457 1366 490 1392 A.
505 1380 539 1383 —
562 1363 588 1396 7,
603 1361 620 1390 2
641 1363 730 1390 caelis
741 1364 774 1390 B.
788 1378 825 1381 —
839 1362 865 1396 7,
880 1359 897 1389 3
911 1371 953 1399 sq.
976 1363 1032 1396 Qui
1052 1365 1171 1390 mortem
1193 1364 1285 1389 crucis
1307 1364 1463 1397 sustinens,

162 1404 228 1430 Deo
249 1404 326 1438 patri
346 1403 503 1430 oboediens
515 1403 552 1430 Κ.
568 1416 604 1420 -
619 1399 645 1434 8,
659 1400 678 1428 4
691 1401 733 1428 Te
752 1403 873 1428 matrem
888 1400 1015 1436 gaudens
1031 1402 1182 1436 conspexit
1192 1400 1228 1427 K.
1242 1415 1278 1420 —
1293 1398 1336 1435 10,
1350 1398 1369 1427 4
1382 1408 1465 1428 sane-

160 1443 257 1468 torum
276 1442 357 1467 natio
378 1441 414 1468 K.
435 1457 471 1460 —
490 1439 532 1473 11,
555 1437 572 1467 3
588 1440 676 1467 Cuius
698 1447 785 1467 carne
804 1439 837 1466 Β.
858 1453 894 1457 -—
910 1437 953 1472 11,
974 1437 993 1466 4
1013 1439 1090 1473 quod
1110 1441 1191 1474 pater
1210 1439 1250 1473 K,
1266 1439 1318 1466 Dei
1344 1438 1420 1474 quod
1430 1439 1464 1466 B.

162 1494 199 1498 —
215 1476 258 1513 12,
278 1477 298 1505 4
317 1478 494 1515 Semperque
507 1478 569 1505 Deo
590 1477 626 1504 N.
652 1491 684 1495 —
703 1474 747 1513 13,
764 1476 779 1504 1
794 1478 865 1510 Ave,
890 1478 971 1503 euius
990 1484 1134 1511 puerpera
1149 1478 1179 1510 B,
1198 1478 1281 1512 virgo
1304 1479 1332 1503 et
1351 1478 1465 1504 sincera

163 1517 201 1543 K.
225 1533 258 1536 —
282 1515 325 1549 14,
350 1515 364 1542 1
384 1516 454 1550 Ave,
477 1519 569 1543 mater
588 1515 634 1549 K3
657 1515 704 1541 die
723 1523 815 1550 ganze
836 1514 959 1549 Strophe
978 1514 1073 1541 lautet
1091 1515 1121 1541 in
1141 1514 1178 1541 B:

558 1563 629 1595 Ave,
652 1570 760 1596 sponsa
780 1563 942 1594 salvatoris,

555 1601 699 1636 Magistra
717 1601 910 1635 perfectioniS,

556 1639 602 1665 Tu
621 1646 667 1664 me
686 1637 758 1665 doce
777 1641 806 1665 te
825 1638 944 1665 laudare

557 1676 597 1703 Et
616 1676 652 1703 de
671 1675 807 1703 laudibus
827 1678 856 1703 te
876 1683 978 1702 amare.

163 1715 206 1751 15,
229 1714 246 1742 2
266 1716 357 1751 Agne,
377 1715 458 1742 Deus
478 1715 514 1742 Κ.
529 1728 566 1732 -
587 1712 629 1746 16,
642 1711 659 1741 3
681 1714 766 1747 Quod
786 1715 836 1749 qui
857 1714 893 1748 133
914 1712 1072 1741 Confitetur
1085 1714 1120 1740 K.
1137 1727 1172 1731 —
1195 1711 1238 1746 16,
1252 1711 1271 1740 4
1284 1716 1463 1748 promeretur

161 1755 198 1782 K.
219 1768 256 1772 —-
278 1752 322 1787 17,
341 1751 361 1780 4
380 1761 512 1781 crescens
532 1752 572 1786 K,
593 1751 696 1778 Mundi
716 1753 807 1779 crevit
823 1753 854 1778 in
874 1759 944 1778 area
962 1751 995 1778 Β.
1015 1766 1053 1769 -
1076 1749 1110 1778 18
1135 1749 1150 1777 1
1171 1751 1242 1779 Ave.
1267 1753 1358 1778 mater
1377 1751 1413 1778 Κ.
1427 1767 1464 1771 -

164 1790 206 1826 18,
228 1790 246 1818 2
266 1795 310 1819 est
330 1791 443 1819 cibatus
465 1792 496 1818 B.
513 1804 552 1808 —-
566 1787 610 1823 18,
630 1788 649 1816 4
669 1798 785 1817 sumens
806 1790 863 1817 leto
887 1789 924 1822 K,
944 1791 1014 1824 potu
1035 1789 1092 1816 leto
1113 1789 1148 1816 N.
1163 1803 1200 1807 -
1223 1787 1264 1822 19,
1288 1787 1419 1817 lsancta
1436 1793 1465 1817 et

161 1839 286 1858 amoena
304 1830 340 1856 Κ.
362 1843 398 1848 —
421 1827 464 1862 19,
480 1827 497 1855 2
517 1829 588 1855 mire
609 1828 696 1863 plena
714 1827 750 1855 Κ.
770 1842 808 1846 -
823 1825 865 1860 19,
881 1824 898 1854 3
918 1829 985 1853 tuus
1000 1827 1079 1854 Deus
1099 1827 1138 1862 A;
1159 1827 1218 1854 Fac
1236 1835 1289 1854 nos
1309 1827 1383 1854 ferre
1401 1829 1464 1855 nati

162 1877 276 1896 crucem
289 1869 327 1895 K.
346 1883 382 1886 —
405 1866 447 1901 19,
468 1865 487 1894 4
499 1867 576 1894 Eum
596 1866 679 1901 sequi
698 1866 778 1893 vitae
797 1865 897 1892 ducem
919 1864 954 1891 K.
974 1878 1012 1882 —
1026 1862 1071 1897 22,
1087 1863 1106 1892 4
1119 1865 1184 1892 Tua
1205 1867 1274 1891 sunt
1293 1865 1368 1892 caeli
1389 1867 1466 1893 atria

158 1908 195 1935 K.
222 1924 225 1927 -
240 1924 243 1927 -
263 1904 306 1941 23,
322 1904 335 1933 1
359 1914 447 1941 quam
459 1906 518 1939 AB,
538 1912 613 1940 quae
625 1904 661 1931 K.
676 1917 712 1921 —
726 1900 771 1936 23,
783 1901 800 1931 3
820 1903 876 1930 Est
889 1902 1013 1930 salutem
1027 1906 1162 1938 operatus
1178 1904 1211 1930 K.
1230 1917 1267 1921 —
1281 1900 1326 1936 23,
1341 1901 1359 1930 4
1373 1903 1419 1931 De
1432 1907 1461 1931 te

159 1948 253 1973 matre
266 1954 331 1972 cum
346 1946 390 1972 est
403 1947 489 1971 natus
503 1943 539 1970 Κ.
556 1958 592 1962 -
610 1940 655 1975 24,
671 1939 688 1967 2
701 1945 877 1977 portansque
890 1940 926 1968 Κ.
941 1955 975 1959 -
990 1938 1035 1973 24,
1049 1940 1069 1967 4
1081 1941 1223 1969 Exaltans
1239 1944 1267 1968 et
1282 1941 1319 1968 K.
1333 1954 1370 1959 -
1384 1939 1429 1975 25,
1447 1941 1461 1970 1

160 1985 244 2011 cuius
259 1984 296 2011 K.
310 1998 346 2002 —
362 1979 406 2016 25,
420 1981 440 2010 4
455 1989 529 2017 quae
542 1981 633 2008 menti
647 1983 678 2007 Β.
694 1993 729 1997 -
743 1977 788 2013 26,
803 1977 820 2005 2
835 1979 891 2006 Dei
905 1979 1052 2015 quantitas
1065 1979 1101 2008 N.
1115 1994 1153 1998 —
1167 1977 1212 2012 26,
1223 1977 1242 2006 4
1255 1979 1330 2006 nihil
1344 1988 1461 2015 prorsus

159 2023 186 2050 N
193 2031 201 2059 ;
223 2023 339 2058 quaerit
358 2021 396 2054 Β,
417 2021 464 2048 die
484 2027 576 2055 ganze
596 2017 720 2053 Strophe
740 2018 833 2045 lautet
850 2018 882 2044 in
900 2017 943 2044 K:

561 2058 635 2089 Ave,
658 2056 740 2083 cuius
757 2056 917 2091 conceptio,

558 2095 691 2123 Sollenni
712 2093 799 2129 plena
817 2093 934 2129 gaudio,

559 2133 712 2164 Caelestia,
733 2132 882 2160 terrestria

557 2172 643 2200 Nova
661 2169 754 2205 replet
774 2170 897 2197 laetitia.

161 2224 205 2258 27,
228 2223 246 2253 3
267 2233 323 2261 quo
344 2225 374 2251 in
397 2223 523 2251 ecclesia
541 2221 575 2253 A,
596 2219 632 2247 de
652 2226 709 2253 quo
730 2218 853 2245 ecclesia
875 2217 911 2244 K.
926 2233 961 2237 —
977 2215 1022 2252 27,
1042 2215 1062 2244 4
1080 2218 1163 2245 Vivit
1183 2220 1212 2244 et
1231 2217 1305 2244 caeli
1326 2217 1407 2243 curia
1430 2218 1464 2251 A,

161 2265 191 2291 in
213 2263 287 2290 caeli
307 2263 389 2289 curia
402 2262 439 2295 K,
459 2268 514 2288 nec
527 2268 585 2286 non
602 2257 726 2285 ecelesia
738 2257 773 2284 N.
789 2270 825 2274 —-
840 2253 884 2290 28,
907 2254 921 2282 1
943 2256 1025 2282 cuius
1039 2264 1091 2291 pro
1110 2257 1140 2283 Β.
1155 2270 1191 2274 -
1205 2252 1250 2288 28,
1272 2252 1289 2283 3
1304 2254 1462 2291 Sanguinis

158 2302 194 2329 K.
210 2317 247 2321 -—-
267 2299 312 2336 29,
328 2299 343 2327 1
365 2301 396 2327 in
417 2307 475 2335 qua
495 2297 655 2335 potentiam
676 2294 712 2322 K.
732 2309 770 2313 —-
790 2292 835 2327 29,
850 2291 868 2320 2
886 2303 938 2330 per
958 2295 1082 2330 gratiam
1102 2294 1188 2321 K.—
1200 2291 1245 2327 30,
1260 2291 1274 2320 1
1295 2293 1361 2329 plus
1395 2301 1463 2320 uam

160 2340 232 2367 luna
244 2340 279 2367 K.
302 2355 335 2359 —
359 2336 404 2373 30,
422 2337 439 2365 3
452 2337 510 2365 Est
529 2338 559 2363 et
578 2335 635 2362 erit
652 2335 723 2360 tunc
734 2334 771 2361 K.
786 2347 823 2351 —
837 2329 882 2365 31,
904 2330 922 2358 2
935 2331 1041 2359 Omnes
1055 2333 1163 2360 excelsi
1176 2335 1210 2359 ut
1223 2332 1265 2359 dii
1277 2331 1313 2358 Κ.
1328 2346 1365 2350 -
1400 2331 1424 2365 1,
1446 2329 1463 2359 3

160 2379 312 2413 Quotquot
332 2380 416 2404 erunt
429 2376 489 2409 ΒΚ,
511 2376 609 2402 terunt
627 2372 754 2406 vestigia
773 2372 808 2399 N.
829 2385 866 2388 —
885 2367 931 2403 31,
943 2368 963 2397 4
981 2370 1107 2398 humilia
1124 2371 1159 2398 N.
1176 2386 1215 2390 —
1234 2368 1279 2403 32,
1294 2367 1311 2397 3
1333 2372 1463 2397 catervas

159 2418 331 2445 daemonum
352 2416 385 2448 B,
405 2423 498 2452 gegen
518 2413 574 2440 den
596 2412 688 2439 Reim.
704 2424 737 2429 -—
752 2407 797 2443 33,
814 2408 828 2436 1
850 2408 911 2436 Ave
931 2410 1031 2435 sancta
1051 2411 1080 2436 et
1099 2412 1265 2437 sanctarum
1278 2409 1314 2436 K.
1329 2423 1366 2427 —
1386 2404 1432 2442 33,
1447 2406 1464 2435 2
