1650 2612
517 573 568 604 XI.
602 573 789 605 Psalterimn
809 574 922 605 beatae
942 573 1059 605 Mariae
1079 574 1114 604 V.

531 636 660 665 auctore
684 633 845 674 Stephano
871 634 1098 666 Cantuariensi.

582 727 718 759 Prima
749 727 1034 768 Quadragena,

203 812 231 843 1.
260 811 339 850 Ave,
366 812 455 850 virgo
483 810 646 851 virginum,

306 866 421 897 parens
446 858 565 897 absque
589 860 669 899 pari,

258 903 333 936 Sine
358 904 418 938 viri
443 905 561 936 semine

308 952 405 994 digna
428 950 605 992 fecundari,

257 998 324 1031 Fac
343 1009 400 1031 nos
423 999 524 1039 legem
550 999 677 1032 Domini

307 1046 400 1079 crebo
424 1046 574 1078 meditari

256 1092 301 1124 Et
323 1093 357 1125 in
382 1102 478 1133 regno
503 1093 624 1133 gloriae

301 1139 489 1173 beatificari.

199 1227 232 1258 2.
257 1225 338 1264 Ave,
366 1226 453 1257 cuius
477 1225 602 1257 viscera

301 1275 409 1304 natum
434 1272 613 1312 ediderunt,

258 1319 354 1351 Cuius
379 1319 422 1352 ad
450 1319 612 1351 interitum

303 1370 412 1408 gentes
438 1365 642 1410 fremuerunt,

255 1414 342 1446 Audi
367 1422 460 1446 voces
485 1415 674 1454 supplicum,

305 1461 358 1501 qui
382 1464 414 1493 te
437 1461 489 1500 pie
515 1464 677 1501 quaerunt,

255 1509 335 1541 Mali
363 1517 472 1540 causas
498 1517 672 1549 removens,

301 1564 382 1596 quae
405 1564 463 1588 nos
487 1556 686 1589 invenerunt.

199 1641 229 1674 3.
244 1640 323 1683 Ave,
352 1640 451 1680 virgo,
478 1643 639 1680 speculum

303 1688 405 1719 sancti
432 1687 614 1728 caelibatus³

256 1735 351 1768 Cuius
378 1737 426 1766 est
452 1743 490 1766 ex
514 1738 604 1767 utero

304 1790 385 1822 puer
408 1782 499 1814 nobis
524 1786 626 1823 natus,

257 1830 318 1869 Qui
341 1838 523 1870 compassus
548 1833 669 1862 mortuo

304 1876 412 1909 Morte
436 1880 611 1919 soporatus,

255 1925 363 1957 Morte
387 1927 522 1956 mortem
547 1924 720 1957 terminans

306 1973 413 2012 expiat
439 1975 556 2005 reatus.

195 2060 226 2092 4.
253 2059 334 2099 Ave,
360 2059 428 2091 nati
453 2057 528 2101 filia,

301 2115 420 2146 parens
443 2106 606 2147 genitoris,

257 2154 390 2186 Praeter
414 2163 533 2186 morem
558 2163 713 2194 generans

307 2202 447 2235 consueti
470 2201 577 2243 moris,

257 2249 323 2282 Nos
349 2250 391 2282 ad
416 2252 533 2282 statum
559 2258 674 2282 revoca

302 2298 388 2329 vitae
412 2298 563 2337 melioris,

258 2345 341 2384 Quos
366 2348 430 2377 tam
458 2345 512 2377 diu
536 2345 640 2377 tenuit

303 2393 427 2426 vanitas
454 2393 581 2426 erroris,

876 814 907 844 5.
932 811 1011 851 Ave,
1040 821 1118 851 quae
1140 821 1196 843 nos
1222 812 1350 843 redimis

981 859 1020 890 ab
1047 859 1185 899 Aegypti
1209 859 1285 899 luto,

934 905 1108 938 Subvenire
1132 909 1257 947 satagas

980 953 1066 985 vitiis
1090 953 1230 993 inlibato,

933 999 981 1031 Tu
1006 1008 1061 1031 nos
1086 1000 1186 1031 bonae
1209 1003 1377 1040 protegens

978 1046 1149 1079 voluntatis
1174 1049 1263 1078 scuto

934 1093 1106 1127 Coronatos
1131 1094 1233 1133 gloria

980 1141 1114 1172 colloces
1138 1140 1171 1171 in
1195 1143 1273 1173 tuto.

901 1251 907 1257 .
935 1225 1015 1265 Ave,
1039 1225 1126 1256 vitae
1148 1225 1255 1266 janua,

980 1273 1065 1304 salus
1089 1273 1292 1314 paenitentis,

932 1319 1069 1359 Respice
1091 1319 1234 1352 miserias

980 1368 1103 1398 animae
1127 1366 1315 1407 languentis,

933 1413 983 1445 Ne
1006 1414 1039 1445 in
1064 1414 1113 1445 ira
1136 1415 1270 1446 sentiam

980 1470 1087 1493 vocem
1113 1463 1283 1503 arguentis,

933 1508 988 1540 Me
1010 1510 1149 1548 peccatis
1177 1509 1279 1541 exime

979 1556 1075 1590 simul
1101 1560 1132 1588 et
1156 1558 1330 1589 tormentis.

888 1668 895 1675 .
932 1643 1011 1682 Ave,
1037 1645 1149 1682 mater,
1175 1642 1267 1674 unica

985 1698 1078 1721 causa
1102 1692 1231 1722 nostrae
1255 1691 1333 1731 spei,

938 1736 1025 1779 Tuis,
1051 1745 1177 1777 quaeso,
1202 1739 1322 1770 meritis

987 1783 1039 1815 fao
1063 1784 1192 1816 miserta
1215 1786 1286 1826 mei,

935 1831 979 1864 Ut
999 1831 1038 1863 ab
1060 1832 1290 1871 aenigmatibus

982 1878 1073 1911 huius
1096 1879 1215 1918 speciei

934 1926 1051 1958 Plenus
1075 1927 1169 1966 plene
1192 1927 1342 1967 perfruar

982 1975 1104 2006 visione
1127 1974 1198 2008 Dei.

900 2084 908 2091 .
932 2060 1012 2100 Ave,
1038 2059 1127 2101 virgo
1148 2062 1245 2102 regia,

980 2116 1102 2140 summa
1122 2109 1316 2150 gaudiorum,

934 2156 996 2188 Per
1020 2165 1113 2196 quam
1137 2165 1195 2188 rex
1219 2157 1383 2200 mirabilis,

983 2203 1126 2235 dominus
1153 2207 1345 2249 cunctorum,

934 2251 1074 2283 Revocet
1097 2251 1271 2284 immeritos

982 2298 1015 2330 in
1040 2308 1127 2338 spem
1153 2298 1300 2340 filiorum,

935 2347 1021 2387 Quos
1046 2348 1237 2387 proscripsit
1261 2348 1427 2389 multiplex

983 2403 1077 2427 causa
1103 2395 1261 2429 vitiorum.
