1650 2612
369 203 425 237 19.

370 419 426 450 20,

370 640 426 673 21.

370 866 425 896 22.

370 1090 424 1121 23.

371 1313 426 1344 24.

371 1537 426 1570 25.

375 1762 428 1794 26.

374 1984 428 2017 27.

374 2210 428 2243 28.

716 105 946 140 -198-

450 203 529 243 Ave,
554 202 637 241 Iesu,
664 201 732 232 sine
756 200 912 232 adiutorio
939 201 1025 232 cuius

451 248 517 280 Nos
541 247 737 280 devorabunt
759 247 867 278 leones
890 247 973 279 aeris
997 248 1101 289 huius,

450 295 485 327 Si
509 295 551 327 ad
576 294 788 326 adiuvandum
814 294 947 335 veneris,
975 293 1207 327 confundentur

451 341 645 380 Nostrasque
669 340 789 372 animas
814 341 944 380 aggredi
969 341 1169 375 verebuntur.

452 417 532 456 Ave,
558 415 641 455 Iesu,
667 414 719 454 qui
745 423 778 446 es
802 414 898 455 Deus,
925 423 1012 446 mcus
1036 418 1208 456 protector,

452 462 575 494 Inclina
598 469 705 492 aurem
729 461 817 502 mihi,
841 464 873 492 et
895 470 982 493 meus
1007 461 1160 501 impostor

453 508 565 540 Statim
591 506 671 547 fugit
698 507 880 540 confusione
904 509 1054 548 repletus,

453 554 486 586 Si
510 555 698 595 adverterit,
725 556 808 594 quod
832 555 864 586 in
889 557 922 585 te
946 555 1004 586 sim
1031 554 1242 587 confirmatus.

451 639 530 678 Ave,
556 640 648 677 pater
674 638 723 669 cui
750 638 840 670 dedit
863 638 1025 679 Iudicium,

450 685 498 717 Tu
523 685 676 716 exsistens
701 688 829 716 nostrae
853 685 964 716 salutis
989 685 1124 724 initium,

450 732 499 763 Tu
524 732 608 763 solus
633 740 822 771 permanens
847 735 921 763 ante
945 732 1042 763 solem
1069 734 1102 763 et
1123 732 1239 769 lunam,

451 778 561 810 Salvos
586 787 643 810 nos
669 777 730 819 fac,
756 782 879 818 gentem
904 787 1025 810 omnem
1051 781 1215 810 conterens
1241 787 1363 812 vanam.

450 863 530 901 Ave,
555 863 639 901 Iesu,
666 863 718 902 qni
742 871 774 894 es
796 863 897 894 Israel
921 862 1007 894 Deus
1032 864 1126 904 solus,

451 909 545 941 Cuius
570 918 632 940 non
655 910 753 941 intrat
778 910 990 941 sanctuarium
1015 910 1159 949 populus,

451 956 510 994 Qui
534 956 706 987 meditatur
730 957 931 996 loquiturque
954 956 1127 996 nequitiam

450 1002 519 1034 Nec
541 1007 648 1035 servat
672 1004 815 1042 proximo
841 1012 896 1035 suo
918 1003 1097 1037 amicitiam.

450 1088 530 1127 Ave,
558 1087 644 1118 cuius
669 1087 831 1126 quaesiere
856 1086 967 1119 Iudaei
990 1087 1088 1127 signa,

451 1133 514 1165 Sed
538 1142 613 1173 gens
637 1134 726 1173 haec,
753 1142 821 1165 cum
848 1137 931 1165 esset
954 1142 1105 1173 perversa
1131 1136 1163 1165 et
1185 1134 1331 1176 maligna,

452 1180 612 1211 Tenebras
639 1181 772 1220 diligens
797 1182 928 1212 recessit
953 1190 973 1212 a
994 1181 1122 1221 lumine,

451 1228 548 1266 Quam
572 1229 678 1258 tamen
701 1227 867 1259 miseratus
892 1227 1025 1259 reduces
1050 1228 1083 1259 in
1107 1227 1179 1261 fine.

452 1311 531 1349 Ave,
558 1310 640 1350 Iesu,
667 1310 753 1341 cuius
778 1313 827 1341 est
849 1310 1011 1342 inebrians
1037 1311 1120 1343 calix

450 1356 521 1396 HiS,
547 1356 600 1396 qui
623 1359 655 1387 te
680 1355 877 1398 confitentur,
901 1358 1084 1396 praeclarus
1108 1361 1140 1389 et
1163 1358 1251 1398 felix,

451 1402 562 1443 Nobis,
588 1405 641 1442 qui
663 1406 717 1434 tua
740 1403 899 1435 mirabilia
923 1413 1099 1444 narramus,

452 1449 556 1481 Corda
576 1453 611 1481 ut
634 1449 825 1493 liquefaciat,
852 1453 884 1481 te
908 1451 1116 1483 obsecramus.

451 1535 530 1577 Ave,
557 1535 630 1566 Iesu
653 1535 687 1566 in
711 1535 831 1567 Iudaea
854 1538 956 1578 notus,

451 1582 537 1613 Tuus
560 1582 593 1612 in
617 1590 696 1621 pace
720 1582 807 1613 locus
831 1585 879 1613 est
902 1581 1014 1623 factus,

455 1627 645 1668 Confregisti
670 1629 770 1661 hostis
794 1630 961 1669 potentias,

452 1675 531 1707 Eius
557 1675 630 1707 dum
656 1675 800 1708 declaras
825 1678 966 1709 astutias.

454 1760 534 1800 Ave,
559 1760 593 1791 in
617 1769 678 1800 quo
702 1763 809 1800 potest
834 1761 938 1793 anima
964 1762 1128 1802 consolari,

453 1807 528 1839 Sine
552 1816 612 1847 quo
637 1808 746 1847 nequit
769 1817 904 1848 unquam
929 1809 1001 1848 ipsa
1026 1809 1188 1851 delectari,

453 1855 529 1894 Fac,
555 1858 591 1886 ut
614 1857 739 1886 tuorum
763 1856 821 1886 sim
847 1864 976 1895 operum
1000 1865 1126 1896 semper
1148 1866 1276 1898 memor,

454 1901 540 1939 Quae
565 1901 639 1932 dum
663 1905 768 1933 mente
791 1910 913 1934 mecum
938 1903 1050 1944 cogito,
1076 1913 1234 1944 nunquam
1258 1914 1394 1944 premor„

455 1984 535 2026 Ave,
560 1985 644 2026 Iesu,
671 1985 723 2024 qui
747 1987 901 2025 quondam
927 1987 961 2019 in
985 1988 1146 2027 parabolis

454 2031 656 2070 Principibus
681 2040 713 2063 es
738 2033 860 2065 locutus
885 2038 917 2065 et
940 2034 1077 2074 populis,

454 2077 572 2109 Verum
598 2078 762 2118 discipulis
787 2080 849 2111 tuis
876 2081 1076 2112 credentibus

455 2124 526 2156 Non
550 2133 607 2164 per
632 2126 793 2165 speculum
817 2128 869 2159 vel
891 2128 925 2159 in
950 2128 1187 2167 aenigmatibus

455 2208 535 2248 Ave,
560 2209 593 2239 in
620 2209 707 2241 cuius
731 2210 938 2243 hereditatem
965 2215 1119 2244 venerunt
1142 2215 1260 2252 gentes,

456 2255 622 2295 Templum
647 2260 789 2289 sanctum
814 2261 900 2290 tuum
926 2259 1109 2299 polluerunt
1132 2262 1165 2290 te
1189 2259 1455 2308 blasphemantes,

455 2302 531 2342 Fac,
556 2302 639 2334 bone
662 2303 742 2347 Iesu,
771 2307 806 2336 ut
828 2309 910 2346 tuus,
936 2315 1029 2359 quem
1053 2305 1166 2337 fudere
1191 2309 1383 2352 sanguinem,

456 2350 495 2382 In
517 2349 607 2382 nobis
629 2353 760 2391 generet
782 2353 829 2387 tui
854 2353 969 2385 amoris
996 2353 1204 2386 dulcedinem.
