1650 2612
447 421 501 454 10.

449 645 504 677 11.

451 871 502 901 12.

448 1095 503 1128 13.

450 1318 504 1350 14.

447 1543 501 1576 15.

445 1770 500 1803 16.

446 1995 500 2027 17.

445 2221 499 2253 18.

729 129 773 135 —
816 108 889 143 *102
937 127 981 134 -

528 207 607 246 Ave,
633 206 715 244 Iesu,
742 205 794 244 qui
818 206 893 235 tuae
916 205 1005 243 virga
1029 201 1155 235 virtutis

529 254 644 284 Hostes
669 252 745 283 teris
771 250 1013 292 superbiamque
1038 248 1187 288 demittis,

527 300 575 331 Tu
599 298 787 339 principium
814 306 847 329 es
871 298 1083 338 splendorque
1105 297 1285 327 sanctorum

526 346 700 377 Dominans
723 345 757 376 111
779 345 885 376 medio
908 344 1117 376 inimicorum.

526 421 606 460 Ave,
634 420 683 451 cui
709 419 881 451 confitebor
904 421 937 451 in
963 418 1057 449 corde
1081 425 1150 449 meo

525 466 681 499 Iustorum
707 466 738 497 in
765 468 854 499 coetu
879 468 973 506 atque
996 465 1029 496 in
1056 464 1198 505 concilio,

529 512 717 553 Confitebor,
743 514 879 553 inquam,
905 521 1017 552 magna
1040 514 1095 543 tua
1118 518 1228 552 opera,

527 560 612 599 Quae
636 564 671 592 tu
695 566 842 599 operatus
868 568 900 590 cs
925 558 1055 598 virginis
1080 559 1113 590 in
1139 561 1235 590 terra.

530 645 609 685 Ave,
634 645 715 683 iesu,
742 645 795 683 qui
818 644 917 685 timet,
945 643 1007 675 erit
1028 642 1150 682 beatus,

528 691 643 722 Potens
667 691 700 721 in
724 693 820 730 terra,
848 691 987 729 prudens
1012 693 1107 729 atque
1131 689 1288 727 robustus,

530 737 699 769 Generatio
726 738 791 769 eius
817 737 1030 774 benedicetur,

528 785 623 817 Cuius
647 784 829 824 redemptor
853 785 942 816 Iesus
967 782 1180 816 miserebitur.

528 870 607 909 Ave,
633 870 715 910 Iesu,
740 869 793 909 qui
818 868 993 900 duodennis
1018 867 1197 900 remansisti

527 916 565 948 In
589 916 706 956 templo
730 916 929 955 interrogans
954 915 1099 947 doctores
1125 914 1251 953 audisti,

529 963 623 994 Cuius
649 963 850 1002 prudentiam
872 963 935 1001 ipsi
960 965 1035 993 sunt
1058 961 1207 993 admirati

527 1009 634 1049 Teque
658 1010 791 1041 necdum
817 1011 1021 1048 agnoscentes
1047 1010 1120 1040 sunt
1142 1007 1294 1040 venerati.

528 1094 606 1137 Ave,
632 1094 762 1126 Israeiis
788 1094 828 1125 de
851 1094 952 1133 stirpe
977 1092 1180 1135 descendens,

526 1140 562 1171 Iu
589 1141 768 1181 Aegyptum
795 1149 864 1172 cum
888 1143 991 1171 matre
1015 1142 1070 1171 tua
1093 1139 1278 1180 ascendens,

530 1187 641 1218 Omnia
664 1195 757 1219 ruere
779 1187 866 1219 idola
889 1187 1039 1227 Aegypti,

529 1233 644 1273 Sicque
666 1234 830 1265 introitum
853 1236 941 1265 tuum
968 1232 1169 1266 consecrasti.

530 1318 609 1360 Ave,
636 1325 726 1357 quem
753 1318 849 1350 corde
874 1320 906 1348 et
929 1325 984 1350 ore
1008 1325 1133 1357 semper
1159 1316 1267 1355 dilexi,

527 1364 581 1396 Ad
607 1373 697 1404 quem
722 1373 828 1396 omues
855 1373 965 1403 preces
989 1372 1073 1396 meas
1100 1372 1158 1403 ego
1186 1363 1300 1403 direxi,

528 1410 661 1443 Dolores
686 1412 797 1443 mortis
822 1411 948 1451 quando
973 1419 1022 1442 me
1048 1411 1332 1453 circumdederunt,

526 1457 604 1489 Eius
627 1466 735 1490 aurem
758 1459 847 1499 ipsae
872 1458 950 1490 mihi
973 1458 1214 1491 inclinaverunt.

527 1542 605 1583 Ave,
634 1543 683 1574 cui
708 1543 780 1583 quia
806 1543 939 1584 credidi,
965 1551 1034 1573 sum
1058 1543 1194 1584 locutus,

527 1589 622 1621 Cuius
646 1590 679 1621 in
706 1591 874 1629 conspectu
897 1590 950 1621 hic
974 1598 1042 1620 sum
1067 1589 1260 1631 humiliatus,

527 1635 584 1667 Cui
608 1639 682 1668 vota
705 1645 775 1668 mea
800 1636 938 1668 reddere
961 1645 1028 1668 sum
1053 1640 1194 1679 paratus,

527 1683 604 1715 Cum
628 1686 733 1715 tamen
758 1684 822 1715 eius
849 1684 952 1723 gratia
976 1692 1040 1715 non
1064 1684 1122 1715 sim
1148 1684 1304 1723 privatus

525 1771 604 1811 Ave,
629 1770 712 1812 Iesu,
738 1779 795 1803 rex
821 1770 960 1802 omnium
984 1771 1132 1810 gentium,

526 1817 623 1856 Quem
645 1818 758 1850 laudat
782 1818 916 1850 ecelesia
939 1817 1093 1860 fidelium,

525 1864 598 1896 Tibi
621 1873 706 1897 nunc
726 1865 837 1897 laudes
861 1868 1012 1897 resonant
1035 1867 1177 1903 ovantes,

525 1912 607 1950 Quas
631 1911 742 1944 Iudaei
766 1912 971 1952 spernebant,
999 1921 1106 1944 omnes
1130 1914 1251 1951 gentes,

526 1995 605 2033 Ave,
632 2003 723 2035 quem
746 1996 856 2029 Iudaei
881 1996 1104 2037 reprobavere,
1129 1996 1223 2037 lapis,

525 2041 642 2074 Divitis
668 2041 770 2074 factus
796 2052 828 2076 es
854 2044 993 2075 solamen
1020 2046 1052 2074 et
1074 2043 1188 2084 inopis,

523 2086 565 2121 In
588 2098 683 2123 unum
707 2099 841 2130 namque
865 2091 999 2130 populos
1024 2090 1156 2122 iunxisti

525 2134 687 2176 Deumque
712 2137 908 2169 adorandum
933 2137 1031 2177 signis
1057 2136 1234 2170 ostendisti.

524 2220 604 2260 Ave,
631 2228 722 2261 quem
745 2222 798 2261 qui
823 2224 1004 2263 sequuntur,
1031 2224 1104 2253 sunt
1129 2220 1331 2253 immaculati.

526 2266 560 2298 Si
585 2270 689 2300 tamen
713 2268 827 2301 altiora
851 2277 886 2300 se
909 2278 972 2301 non
997 2270 1071 2300 sunt
1094 2269 1237 2310 solvisti,

526 2314 580 2347 Sic
601 2317 635 2346 tu
654 2323 704 2346 me
728 2317 876 2349 mandata
899 2318 955 2348 tua
979 2313 1031 2346 fac
1056 2314 1236 2356 observare,

524 2362 554 2394 A
579 2362 630 2394 via
653 2365 708 2394 tua
730 2365 766 2394 ut
788 2373 851 2396 non
875 2363 994 2402 possim
1021 2362 1191 2395 declinare.
