1650 2612
188 203 242 234 25.

187 520 240 551 26.

187 836 240 867 27.

185 1154 240 1185 28.

184 1471 238 1503 29.

183 1790 237 1822 30.

181 2117 236 2150 31.

703 107 937 141 ..62-

269 202 347 243 Ave,
375 203 460 233 cuius
485 203 611 242 auxilio,

270 248 434 288 spirituali
459 248 573 288 gaudio

315 295 486 334 Replemur
510 298 542 325 et
565 295 674 334 gloria,

268 342 328 381 Da,
354 345 390 373 ut
412 350 470 381 per
492 349 571 380 quae
594 341 781 372 seminamus

268 388 315 419 Te
340 389 475 420 donante
500 387 658 426 capiamus

314 436 453 466 Aeterna
477 433 626 467 remedia.

268 519 346 557 Ave,
374 519 478 549 custos
504 517 638 549 civitatis

267 564 412 596 Summae
436 563 520 605 Sion,
545 563 704 595 tribulatis

315 611 418 643 Corde
445 610 486 641 da
506 611 669 650 laetitiam,

267 657 317 689 Ne
340 659 373 689 in
399 666 510 688 vanum
536 657 713 689 laboremus

267 705 326 736 Vel
352 705 391 736 de
414 712 507 735 mane
531 704 693 744 vigilemus

313 751 359 782 Te
385 753 529 790 rogantes
554 752 687 783 veniam.

267 836 346 876 Ave,
370 836 452 875 Iesu,
478 834 527 866 vir
551 834 652 877 beate,

270 882 380 914 Castus
402 881 497 913 timor
519 882 609 913 nobis
634 892 653 913 a
677 885 709 913 te

312 929 504 960 Permanens
526 929 561 959 in
584 929 751 969 saeculum,

267 976 435 1017 Adveniat,
463 974 516 1014 qui
539 984 596 1006 nos
622 979 718 1015 regat,

266 1022 315 1053 Ne
337 1022 369 1053 iu
393 1021 483 1053 nobis
508 1030 595 1052 amor
621 1022 713 1061 degat

312 1068 428 1100 Mentis
452 1068 582 1099 turbans
604 1069 736 1101 oculum.

265 1154 343 1193 Ave,
370 1153 449 1194 Iesu,
477 1161 535 1190 par
559 1152 676 1183 homini

267 1198 487 1231 Glorificantes
512 1199 629 1230 nomini

312 1246 378 1277 Tuo
404 1245 630 1285 benedicimus,

265 1292 314 1323 Tu
337 1293 474 1324 cervices
499 1295 698 1330 peccatorum

267 1339 386 1372 Caedas
410 1340 509 1370 iustus
533 1339 709 1380 impiorum,

311 1386 441 1417 Piorum
464 1385 632 1424 piissimus.

265 1471 342 1512 Ave,
369 1470 594 1509 misericordia,

262 1517 469 1557 Flagitiorum
495 1517 595 1555 venia,

311 1564 481 1604 Multiplex
506 1564 658 1603 remissio,

265 1611 313 1642 Dc
334 1610 500 1650 profundis
523 1619 573 1642 me
599 1611 782 1642 clamantem

265 1658 309 1689 Et
332 1667 390 1697 pro
415 1666 508 1697 posse
534 1658 754 1697 deprecantem

309 1705 376 1736 Tuo
398 1705 492 1743 iunge
515 1705 603 1736 solio.

263 1792 342 1825 Ave,
369 1790 455 1821 cuius
481 1798 534 1821 cor
558 1790 671 1822 elatum

263 1837 333 1868 Non
360 1841 408 1869 est
429 1837 485 1868 sed
511 1837 706 1869 humiliatum

308 1883 451 1916 Excelsis
476 1884 665 1924 aspectibus,

262 1931 339 1961 Tuis
363 1932 440 1962 siste
461 1939 514 1961 me
536 1934 688 1971 curatum,

264 1979 294 2008 A
317 1978 463 2008 sordibus
488 1977 697 2015 emundatum,

310 2024 416 2064 Atque
439 2024 539 2062 patris
564 2024 712 2056 vultibus.

262 2118 343 2157 Ave,
372 2116 471 2149 dulcis
496 2116 560 2148 alvi
584 2115 716 2156 fructus,

262 2165 325 2197 Per
350 2172 438 2204 quem
457 2162 551 2194 finem
568 2164 663 2194 sumit
680 2164 783 2195 luctus

309 2212 474 2243 Humanae
497 2210 653 2251 miseriae,

263 2259 365 2298 Super
388 2259 536 2289 thronum
560 2257 707 2289 resedisti

262 2306 378 2347 David,
403 2313 472 2337 cum
495 2307 528 2335 te
550 2304 682 2336 induisti

311 2353 398 2390 Stola
421 2351 603 2392 pudicitiae.

859 203 912 234 32.

858 519 913 551 33.

856 838 910 869 34.

855 1155 910 1186 35.

854 1471 907 1502 36.

856 1791 911 1822 37.

853 2118 908 2149 38.

940 203 1018 241 Ave,
1046 202 1128 240 Iesu,
1156 209 1247 240 quam
1273 199 1388 231 bonum
1415 200 1464 229 est,

938 248 986 279 Te
996 248 1137 289 laudare,
1154 256 1247 286 quam
1260 249 1403 279 sanctum
1416 246 1465 276 est

987 294 1117 326 Fratres
1142 294 1174 324 in
1199 296 1232 324 te
1256 293 1373 333 vivere,

939 342 988 373 Tu
1012 341 1168 378 balneum,
1197 348 1258 378 quo
1284 339 1418 381 lavatur,

938 387 982 418 Et
1006 389 1204 426 unguentum,
1232 394 1291 425 quo
1322 388 1459 427 sanatur,

985 432 1143 472 Quidquid
1169 435 1217 463 est
1237 432 1271 463 in
1295 432 1436 465 vulnere.

938 519 1017 560 Ave,
1046 518 1140 549 decus
1168 517 1373 555 dominorum,

937 565 996 603 Qui
1020 563 1099 595 facis
1124 563 1207 594 velle
1231 567 1355 594 tuorum

986 611 1032 642 Te
1055 609 1309 651 glorificantium,

936 658 1126 689 Extollimus
1152 658 1269 689 cotidie

937 705 1051 736 Manus
1076 704 1117 736 ad
1143 707 1173 735 te
1197 704 1339 742 meridie,

983 752 1094 794 Nocte,
1122 751 1224 782 lumen
1249 751 1396 783 noctium.

934 837 1013 875 Ave,
1041 836 1149 867 vivens
1174 836 1207 867 in
1233 839 1405 874 aeternum,

935 883 1016 925 Iesu,
1044 890 1156 914 nomen
1181 882 1407 921 sempiternum

983 931 1013 961 A
1035 932 1128 968 patre
1152 929 1333 968 susciperis,

938 976 987 1007 Ne
1009 976 1129 1007 iudices
1153 978 1187 1006 ut
1214 976 1378 1007 damnatos

938 1023 1013 1060 Nos,
1039 1023 1095 1054 sed
1119 1022 1204 1052 nutri
1229 1025 1265 1053 ut
1288 1022 1427 1054 salvatos

982 1069 1022 1101 In
1045 1077 1124 1108 pace
1148 1069 1314 1108 recipienS.

937 1155 1015 1191 Ave,
1040 1156 1133 1192 potus
1159 1155 1191 1183 et
1214 1152 1375 1192 pabulum,

935 1201 1022 1239 Quod
1050 1200 1228 1231 consolatur
1251 1200 1403 1238 populum

982 1245 1149 1277 Defectum
1173 1246 1291 1286 inedia,

938 1293 1052 1332 Solem,
1078 1294 1183 1324 lunam
1207 1295 1242 1324 tu
1267 1292 1417 1332 fundasti,

936 1341 1094 1373 Universa
1117 1342 1151 1370 tu
1177 1340 1290 1371 creasti

982 1387 1018 1419 In
1045 1386 1138 1418 terris
1162 1386 1310 1419 viventia.

934 1472 1014 1510 Ave,
1037 1471 1142 1502 lumen
1167 1473 1359 1511 nectareum,

936 1518 1032 1549 Iubar
1057 1517 1192 1548 fundens
1217 1518 1407 1558 aethereum,

981 1564 1165 1596 Illumiuans
1191 1564 1357 1605 hominem,

938 1612 1079 1650 Praesta,
1105 1619 1146 1641 ue
1170 1611 1267 1642 simus
1292 1612 1408 1653 siliceS,

937 1659 982 1691 Ut
1005 1657 1195 1689 infecundae
1219 1658 1332 1689 salices

984 1705 1020 1736 In
1046 1707 1225 1736 sanctorum
1250 1705 1401 1738 ordinem.

937 1791 1016 1829 Ave,
1043 1790 1125 1829 1esu‚
1154 1789 1204 1819 cui
1229 1794 1341 1821 merito

937 1837 1129 1868 Inclinamur
1152 1838 1187 1866 ut
1206 1836 1316 1868 inclito

979 1883 1023 1914 Et
1046 1883 1160 1914 factori
1186 1884 1333 1922 omnium,

935 1929 1012 1962 Cum
1036 1932 1215 1960 sanctorum
1238 1931 1409 1963 virtutibus

934 1977 971 2007 In
996 1976 1120 2015 organis
1146 1980 1178 2008 et,
1200 1978 1330 2009 vocibus

980 2023 1027 2054 Te
1050 2021 1213 2054 laudamus
1234 2023 1343 2057 filium.

934 2117 1012 2156 Ave,
1046 2116 1132 2147 cuius
1158 2117 1290 2149 scientia

934 2163 1103 2203 Mirabilis,
1131 2164 1273 2202 potentia

984 2210 1099 2241 Potens
1125 2212 1157 2240 et
1180 2211 1347 2253 terribilis,

936 2257 985 2288 De
1009 2257 1155 2296 sepulcro
1180 2260 1360 2301 surrexisti,

935 2305 1001 2343 Quo
1028 2304 1153 2335 devicta
1176 2304 1302 2336 iacuisti

983 2351 1105 2393 Mortes
1123 2351 1225 2383 victor
1250 2353 1376 2388 nobilis.
