1650 2612
363 189 416 221 39.

359 402 415 435 40.

359 626 414 658 41.

357 852 412 882 42.

356 1073 411 1106 43.

355 1297 410 1328 44.

356 1522 411 1554 45.

354 1745 408 1777 46.

353 1969 408 2001 47.

355 2193 411 2226 48.

699 91 954 125 —116-

443 190 524 228 Ave,
551 188 637 218 cuius
661 185 812 225 splendor
835 185 957 225 gratiae
980 184 1143 225 mirabilis,

442 235 562 267 Diebus
585 237 678 272 atque
703 232 792 262 annis
818 240 976 270 nunquam
1000 231 1170 270 mutabilis,

441 282 501 321 Sis,
528 280 609 312 bone
632 280 715 318 Iesu,
741 287 836 317 super
860 287 916 309 nos
944 278 1163 318 deprecabilis,

441 328 526 367 Opus
550 329 692 358 nostrum
718 325 855 366 dirigens
879 325 980 356 libera
1005 335 1024 357 a
1048 325 1150 356 malis.

440 403 519 439 Avo,
546 401 627 432 bone
652 401 734 437 Iesu,
762 409 780 430 a
806 401 893 431 cuius
918 400 1019 430 latere

440 448 531 479 Mille
556 448 673 479 cadunt
699 446 866 478 daemones
889 454 949 476 nec
972 447 1107 484 possunt
1130 448 1226 487 stare,

440 494 518 533 Spes
543 496 609 525 esto
633 502 703 525 mea
728 492 946 533 refugiumque
973 501 1057 532 ergo,

441 542 487 574 Ut
510 549 572 572 non
596 549 647 572 me
670 540 798 572 laedant
826 540 989 571 daemonia
1014 549 1033 570 a
1057 540 1154 577 tergo.

439 626 519 664 Ave,
544 625 625 667 Iesu,
653 625 738 656 cuius
764 633 831 655 sum
857 631 913 664 ego
939 622 1072 656 factura.

440 672 498 711 Da,
523 675 558 703 ut
583 674 637 703 tua
659 670 859 710 magnificata
883 679 990 709 opera,

440 718 615 758 Inspiciens
641 726 719 758 quae
744 718 854 757 nequit
876 717 1070 757 intellegere,

441 766 521 797 Puro
547 774 672 804 semper
698 765 793 796 corde
817 764 933 804 possim
961 763 1152 796 collaudare.

439 851 519 887 Ave,
545 848 629 890 lesu,
654 848 745 880 sedes
773 849 859 880 cuius
885 847 1008 878 exstitit
1030 847 1130 887 virgo,

436 895 656 928 Tentationum
681 894 795 926 fluctus
820 898 855 926 ut
879 902 1069 933 compescas,
1096 902 1181 934 rogo,

439 946 503 981 Quo
530 943 717 973 testimoniis
743 942 864 973 creduli
889 941 966 972 facti

438 989 574 1021 Domum
598 991 681 1020 tuam
707 988 884 1019 habitemus
908 986 1080 1019 iustificati.

437 1074 515 1113 Ave,
542 1073 624 1112 Iesu,
650 1073 703 1111 qui
727 1075 922 1113 peccatores,
947 1080 988 1102 ne
1012 1074 1194 1112 grassentur

437 1120 475 1151 In
499 1121 578 1159 pios,
607 1119 715 1157 deicis,
740 1127 780 1149 ne
805 1119 867 1158 ipsi
892 1118 1066 1158 glorientur

437 1167 615 1205 Iniquitate,
644 1166 717 1197 dum
743 1174 795 1196 eos
821 1166 867 1196 sic
891 1167 1132 1204 persequuntur,

438 1212 551 1252 Populi
575 1213 622 1243 tui
646 1213 806 1254 miserere,
833 1215 867 1243 ut
891 1212 1041 1245 salvetur.

436 1297 516 1337 Ave,
541 1295 574 1326 in
600 1295 687 1326 cuius
712 1304 805 1327 manu
830 1297 904 1327 sunt
927 1298 1032 1327 terrae
1056 1293 1145 1335 fines,

437 1343 479 1374 Et
504 1342 590 1374 cuius
614 1345 688 1373 sunt
713 1343 864 1373 montium
888 1342 1085 1380 altitudines,

439 1390 544 1422 Corda
567 1393 677 1420 nostra
702 1388 761 1419 tibi
786 1388 838 1420 fac
862 1397 931 1420 esse
956 1389 1083 1429 devota,

437 1435 547 1468 Securi
568 1438 605 1466 ut
628 1438 826 1467 transeamus
853 1437 931 1468 haec
956 1436 1092 1468 deserta.

437 1521 515 1562 Ave,
542 1528 633 1559 quem
656 1521 692 1552 in
715 1520 797 1551 atrio
822 1530 878 1552 suo
900 1521 1046 1559 adorare,

437 1567 564 1599 Hostias
589 1568 639 1598 cui
666 1566 815 1598 debemus
839 1575 945 1599 omnes
971 1567 1108 1603 adferre,

435 1614 553 1645 Nostra
576 1623 701 1653 semper
726 1616 760 1645 at
782 1614 815 1645 in
842 1623 877 1646 eo
904 1617 991 1645 terra
1014 1616 1150 1646 laetetur

433 1661 477 1692 Et
500 1670 563 1693 non
588 1670 606 1691 a
632 1660 714 1692 facie
739 1661 805 1692 cius
832 1665 1072 1693 commoveatur.

434 1745 513 1785 Ave,
539 1745 623 1784 Iesu,
650 1746 703 1785 qui
728 1746 813 1777 solus
840 1755 872 1778 es
899 1746 1082 1787 altissimus,

434 1793 512 1829 Quia
537 1801 594 1832 per
615 1795 647 1823 te
669 1801 776 1824 omnes
801 1802 858 1825 nos
889 1794 987 1825 creati
1013 1802 1130 1835 sumus,

435 1839 541 1871 Corda
563 1842 672 1871 nostra
694 1841 798 1871 sancti
821 1840 954 1880 spiritus
977 1840 1106 1880 lumine,

434 1885 478 1918 Ut
503 1887 652 1925 illustres,
680 1895 799 1919 summe
821 1896 976 1929 rogamus,
1001 1888 1145 1920 Domine.

434 1970 512 2012 Ave,
540 1970 589 2000 cui
614 1980 730 2002 novum
755 1973 895 2004 canimus
922 1974 1088 2014 canticum,

435 2015 629 2048 Salvatorem
658 2027 748 2057 quem
775 2019 959 2051 confitemur
983 2021 1119 2060 unicum,

436 2062 484 2093 Tu
508 2062 598 2095 nobis
624 2066 694 2095 tuas
720 2068 810 2097 notas
836 2065 887 2098 fac
910 2066 1057 2106 iustitias,

435 2108 484 2140 Ne
509 2110 561 2140 hic
587 2110 779 2143 declinemus
805 2113 845 2145 ad
866 2113 1048 2145 iniustitias.

436 2193 516 2232 Ave,
542 2192 622 2235 iesu,
650 2194 767 2226 nomini
794 2196 880 2227 cuius
903 2196 1096 2237 confitemur,

437 2239 588 2279 Magnum
615 2243 709 2280 atque
731 2242 875 2274 terribile
900 2252 1006 2275 omnes
1031 2252 1185 2286 veremur,

435 2286 486 2317 Da
510 2286 600 2318 nobis
624 2287 725 2328 dignis
751 2291 782 2319 te
808 2291 950 2322 exaltare
973 2290 1121 2323 laudibus

438 2332 514 2365 Cum
539 2332 652 2374 Moyse
676 2337 709 2365 et
732 2337 840 2368 Aaron
864 2338 1092 2372 sacerdotibus
