1650 2612
681 141 934 178 —165-

171 233 225 265 30.
250 231 330 272 Ave,
358 234 444 266 cuins
472 235 584 267 detulit

301 289 359 312 rex
386 281 568 323 humilitati,

255 326 301 358 Te
327 336 396 359 cum
421 330 508 361 verbi
534 330 706 363 thalamum

298 373 376 405 fecit
398 376 564 418 incarnati,

252 420 306 454 Sic
329 431 388 461 pro
414 423 504 455 nobis
528 424 661 457 offerens

301 477 337 500 se
353 470 532 510 captivitati

254 515 437 555 Captivatos
461 518 605 551 reddidit

295 564 400 602 prima
424 564 573 597 libertati.

168 638 223 670 31.
249 639 330 677 Ave,
357 639 444 670 Iesse
468 641 601 682 virgula,

300 694 359 724 per
381 695 473 725 quam
497 687 674 730 exhibetur,

250 733 341 771 Quod
367 733 406 764 de
431 734 535 766 David
560 735 679 766 semiue

298 784 390 818 pater
415 781 593 822 pollicetur,

252 827 313 859 Per
337 830 369 857 te
394 828 519 866 quidem
545 829 665 868 gratiae

297 876 421 913 tempus
445 875 646 918 adimpletur,

253 920 333 959 Quia
357 930 416 961 per
439 926 472 953 te
494 921 570 954 filiis

301 970 394 1007 pater
418 969 594 1001 miseretur.

170 1045 224 1077 32.
250 1044 330 1084 Ave,
357 1052 478 1083 gemma
503 1045 634 1085 gratiae,

295 1090 419 1121 stillans
443 1092 632 1131 unctionem,

251 1138 336 1175 Quae
360 1141 538 1169 nostrarum
565 1139 715 1170 mentium

295 1182 402 1215 firmat
424 1185 567 1216 unionem

248 1230 314 1263 Nos
340 1231 443 1262 unitos
468 1235 606 1263 mutuam

294 1286 352 1317 per
378 1278 579 1310 ditectionem

248 1325 340 1356 Vitae
361 1329 491 1364 praesta
516 1327 664 1365 consequi

294 1372 555 1405 benedictionem.

166 1449 221 1481 33.
247 1450 325 1489 Ave,
352 1452 494 1479 nostrum
518 1448 676 1488 gaudium,

293 1499 421 1526 nostrae
445 1504 518 1534 spes
543 1496 664 1536 salutis,

246 1542 333 1574 Caeli
354 1543 509 1574 scandens
534 1543 648 1574 solium

293 1589 442 1629 gradibus
468 1590 602 1632 virtutis,

246 1637 378 1676 Quaeso,
404 1635 454 1667 fer
478 1637 671 1676 praesidium

295 1683 391 1715 noxia
416 1684 532 1715 secutis

246 1731 290 1763 Et
315 1740 333 1761 a
358 1730 448 1762 nobis
474 1733 585 1762 excute

291 1778 396 1818 iugum
422 1778 591 1809 servitutis.

164 1857 220 1887 34.
245 1856 324 1893 Ave,
352 1854 439 1885 cuius
464 1852 546 1885 filius

291 1901 412 1941 gratiae
436 1909 624 1940 praeconem

242 1949 390 1981 Nondum
409 1952 515 1980 natum
543 1948 651 1979 docuit

291 1997 543 2034 exsultationem,

242 2045 330 2077 Doce
354 2053 411 2076 nos
436 2053 494 2084 per
519 2043 587 2075 vitii

288 2090 580 2131 supplantationem

239 2140 293 2172 Ad
319 2139 443 2171 beatam
469 2140 601 2171 tendere

289 2187 408 2219 Christi
433 2187 597 2219 visionem.

157 2267 212 2298 35.
238 2265 318 2303 Ave,
345 2263 434 2303 virgo
458 2271 624 2306 generanS,

288 2320 345 2350 per
370 2319 460 2350 quem
486 2311 642 2342 liberatur

240 2359 342 2391 Israel
366 2363 400 2389 et
424 2357 548 2393 Pharao

287 2415 481 2446 persequens
505 2408 647 2447 necatur,

849 456 903 487 36.

850 859 903 891 37.

845 1262 898 1293 38.

841 1667 896 1698 39.

838 2073 894 2105 40.

932 239 1041 271 Solvat
1063 238 1193 279 quisque
1217 239 1335 279 gratias

979 289 1010 318 et
1035 284 1229 326 confiteatur,

932 334 1020 372 Quod
1045 333 1099 365 hic
1121 332 1278 365 mirabilia

977 381 1062 412 solus
1087 384 1245 419 operatur.

928 456 1007 496 Ave,
1033 464 1092 495 per
1116 463 1208 494 quam
1230 455 1373 494 principe

977 502 1061 534 victo
1085 501 1257 540 Babylonis

930 549 1060 582 Cantica
1084 548 1268 580 resumimus

974 595 1178 635 iubilationis,

929 642 990 673 Per
1013 646 1173 674 maternae
1195 642 1328 682 gratiam

975 689 1184 721 miserat-ionis

927 736 1038 768 Reduc
1058 744 1116 769 nos
1140 736 1183 767 ad
1206 736 1342 775 patriam

976 782 1237 823 repromissionis.

929 859 1010 898 Ave,
1036 865 1150 897 parens
1172 857 1293 896 inclita,

977 914 1056 944 quae
1080 905 1148 935 sine
1171 905 1303 943 pudoris

927 951 1027 982 Tactu
1050 951 1151 983 nostri
1175 950 1261 982 facta
1285 960 1317 982 es

973 1003 1074 1030 mater
1098 998 1275 1036 salvatoris,

927 1045 973 1075 Te
996 1046 1161 1077 laudantes
1185 1044 1303 1075 muniat

971 1093 1055 1123 intus
1080 1094 1174 1130 atque
1198 1090 1287 1132 foris,

927 1139 989 1170 Per
1013 1142 1045 1170 te
1069 1138 1121 1177 qui
1146 1139 1320 1169 remedium

972 1186 1073 1217 nostri
1097 1183 1132 1215 fit
1159 1185 1286 1216 doloris.

923 1261 1003 1300 Ave,
1031 1261 1118 1292 cuius
1142 1259 1226 1291 filius

971 1308 1082 1339 habitu
1105 1308 1252 1345 mendici,

924 1354 1058 1386 Carnem
1082 1362 1193 1393 gerens
1214 1354 1347 1385 similem

972 1403 1057 1433 carni
1082 1402 1263 1440 peccatrici,

923 1449 1018 1487 Quasi
1044 1448 1116 1481 dolo
1142 1449 1283 1488 reppulit

972 1496 1060 1528 dolos
1084 1496 1214 1535 mimici,

921 1543 999 1576 Cum
1023 1552 1057 1575 se
1081 1543 1191 1574 mortis
1216 1543 1337 1583 legibus

968 1600 1080 1630 passus
1106 1594 1155 1621 est
1178 1590 1297 1624 addici.

922 1668 1002 1704 Ave,
1028 1668 1129 1697 mater
1153 1664 1223 1707 filii,

970 1714 1056 1744 cuius
1082 1714 1122 1744 ad
1148 1721 1348 1752 congressum

921 1760 1010 1792 Mors
1037 1760 1161 1792 devicta
1184 1761 1309 1799 penitus

967 1807 1035 1838 abit
1055 1807 1088 1839 in
1114 1815 1283 1848 secessum,

922 1854 989 1886 Nos
1014 1864 1034 1886 a
1057 1855 1148 1886 malis
1174 1856 1272 1897 eripe,

967 1903 1081 1934 mentis
1107 1905 1234 1933 nostrae
1258 1911 1398 1943 gressum

919 1950 972 1981 Ad
998 1954 1151 1989 paternae
1177 1950 1317 1990 dirigens

968 1998 1119 2029 dexterae
1144 2006 1334 2031 consessum.

919 2074 999 2113 Ave,
1025 2083 1083 2113 per
1108 2082 1199 2112 quam
1228 2074 1328 2105 deitas

969 2130 1064 2152 carne
1088 2120 1251 2160 palliatur,

920 2168 964 2201 Ut
989 2169 1030 2200 ad
1056 2169 1138 2201 vitae
1162 2169 1290 2201 semitas

969 2216 1041 2248 exul
1067 2216 1247 2260 reducatur,

920 2263 1039 2295 Nostra
1063 2263 1110 2295 sic
1134 2264 1235 2295 oratio

966 2320 1024 2351 per
1048 2314 1081 2343 te
1105 2311 1269 2351 dirigatur,

922 2358 967 2391 Ut
991 2358 1164 2391 succedens
1187 2358 1271 2391 actio

970 2407 1066 2438 vitam
1091 2410 1308 2447 consequatur.
