1650 2612
717 93 946 127 *30*-

201 188 257 219 42.
282 188 374 227 Aqua
398 188 511 220 reddet
537 187 703 219 candidam

332 235 457 273 sanguis
482 234 697 274 rubicundam,

283 281 335 313 Sic
359 281 582 313 assimilaberis

328 336 442 367 sponso
467 331 529 367 tuo,
555 328 701 358 mundam

283 374 533 406 Praesentabunt
556 374 670 413 angeli,

331 421 377 452 sic
400 421 496 451 vitam
519 420 685 451 iucundam

286 467 448 500 Obtinebis
473 475 531 505 per
555 466 627 498 Iesu

328 513 507 551 sanguinem
533 515 565 544 et
588 513 714 546 undam.

199 569 256 603 43.
281 570 319 601 ln
343 569 393 601 his
418 567 635 609 foraminibus,

328 616 361 648 in
385 615 446 646 ista
472 624 606 648 caverna

281 663 465 703 Requiesce‚
493 663 596 694 anima

328 710 500 751 peceatriX,
526 718 660 750 superna

284 756 454 796 Largiente
476 757 587 796 gratia,

331 804 432 835 vitare
455 802 579 834 inferna

284 851 328 883 Ut
354 850 466 891 postis,
492 853 523 881 et
547 850 697 882 transitus

332 897 424 928 detur
444 897 484 928 ad
510 901 648 929 aeterna.

205 955 259 986 44.
286 953 400 985 Grates
424 953 492 992 tibi,
517 953 661 992 Domine,

334 1000 386 1039 qui
410 1000 472 1030 reis
495 999 641 1032 nefandis

284 1046 402 1078 Factus
428 1055 460 1077 es
480 1047 655 1085 latibulum,

331 1093 461 1124 brachia
486 1093 647 1133 expandis,

284 1140 417 1171 Paratus
442 1140 637 1179 amplexibus

333 1187 388 1218 hos
412 1185 520 1218 fovere
543 1187 678 1229 blandis,

288 1234 455 1271 Promptus
479 1234 512 1264 in
538 1233 718 1266 criminibus

334 1279 394 1311 sibi
418 1280 608 1312 relaxandis.

206 1337 260 1368 45.
286 1335 408 1368 Inferni
432 1336 597 1367 latibulum

331 1382 445 1413 meruit
467 1385 624 1424 peccator,

285 1430 347 1461 Pro
372 1437 407 1460 eo
432 1430 604 1470 patibulum

333 1475 429 1514 subis,
456 1478 621 1508 miserator

283 1524 356 1555 Iesu
383 1525 413 1553 et
439 1524 626 1563 misericors,

332 1569 431 1608 fisque
455 1573 647 1602 restaurator

286 1617 474 1657 Peccatoris,
505 1621 541 1648 ut
564 1620 637 1649 tuae

332 1665 373 1695 sit
400 1664 500 1695 crucis
526 1667 656 1697 amator.

204 1717 259 1753 46.
286 1720 338 1751 Ad
365 1721 526 1760 amplexus
551 1721 684 1761 suscipis

334 1776 459 1807 aegrum
487 1771 515 1799 et
543 1768 681 1807 dignaris·

285 1814 369 1846 Huic
394 1815 597 1856 emplastrum
621 1814 700 1856 fieri,

331 1861 368 1893 fis
395 1862 423 1892 ei
448 1862 558 1893 altaris

872 385 927 416 47.

872 768 926 799 48.

874 1151 928 1183 49.

954 187 989 218 In
1014 197 1122 219 mensa
1145 187 1304 230 viaticum,

1001 237 1093 273 potus
1119 234 1276 276 salutaris,

954 280 1099 312 Medicus
1123 279 1294 312 fidissimus

999 336 1059 367 per
1077 328 1138 358 hoc
1162 324 1387 365 comprobaris.

953 381 1131 414 Paenitenti
1154 381 1288 420 pillulae

1000 437 1116 460 aureae
1139 430 1262 459 tuor-um

953 475 1051 506 Fiunt
1074 477 1182 514 guttae
1205 474 1380 513 vulnerum,

1000 522 1060 553 hae
1083 523 1166 560 sunt,
1192 529 1272 560 quae
1295 521 1461 552 humorum

955 567 1148 600 Consumunt
1170 566 1341 608 superflua,

1000 624 1079 654 quae
1103 614 1152 646 illi
1176 615 1357 646 morborum

953 661 1033 693 Sunt
1059 670 1162 702 causa,
1188 662 1306 693 eiciunt

999 707 1113 740 fleuma
1137 708 1297 741 vitiorum.

951 765 1023 796 Hae
1046 764 1156 796 felices
1179 764 1312 803 pillulae

1000 821 1072 843 suas
1097 811 1303 844 ostenderunt

954 859 1055 901 Vires,
1083 857 1265 897 efficaciam,

1003 915 1071 937 cum
1097 914 1149 937 eas
1175 906 1384 946 sumpserunt,

955 952 1013 992 Qui
1038 956 1071 983 te
1096 951 1328 991 crucifixerant,

1002 1008 1070 1030 cum
1092 999 1324 1039 paenituerunt,

953 1046 998 1077 Et
1023 1055 1059 1077 ex
1086 1047 1130 1078 eis
1153 1045 1243 1077 milia

1002 1093 1138 1132 quinque
1162 1092 1376 1124 crediderunt.

954 1148 1092 1188 Diligam
1117 1151 1157 1186 te,
1184 1148 1306 1179 animae

1001 1204 1088 1227 meae
1111 1194 1351 1233 firmamentum,

955 1243 1037 1285 Iesu,
1065 1245 1097 1273 et
1119 1241 1274 1281 refugium

1001 1289 1034 1320 in
1060 1297 1152 1320 cruce
1176 1291 1346 1327 extentum,

957 1335 1128 1368 Continens
1152 1339 1186 1366 ut
1211 1334 1305 1367 fieres

1003 1386 1035 1413 et,
1059 1392 1114 1422 ego
1140 1385 1329 1423 contentum,

956 1429 1075 1468 Sciens,
1102 1429 1175 1469 quia
1199 1429 1267 1460 sine
1290 1432 1323 1460 te

1002 1477 1080 1507 nihil
1106 1478 1155 1508 est
1178 1475 1372 1515 figmentum.

923 1559 930 1566 .
956 1532 1039 1570 Quid
1063 1533 1121 1564 tibi
1146 1532 1328 1571 retribuam,

1001 1579 1145 1616 Domine,
1172 1579 1248 1618 quid
1276 1578 1365 1621 dabo,

955 1627 1017 1658 Pro
1042 1627 1149 1665 tantiS,
1175 1629 1239 1657 tam
1264 1626 1383 1665 arduis,

1003 1676 1066 1704 tam
1089 1672 1244 1705 summis?
1280 1673 1410 1713 Negabo

958 1721 1132 1759 Quidquam
1157 1719 1240 1750 tibi?
1274 1720 1370 1751 Absit.
1393 1720 1462 1764 hoc,

1005 1767 1133 1798 calicem
1155 1766 1273 1805 potabo

957 1814 1068 1853 Tuum,
1094 1813 1155 1845 tuis
1180 1813 1327 1845 laudibus

1002 1861 1036 1891 in
1060 1860 1154 1891 finem
1179 1860 1309 1894 vacabo.

574 1945 767 1979 Secunda
792 1947 1103 1985 Quinquagena.

206 2010 236 2041 1.
264 2010 418 2052 Circuibo,
445 2011 587 2048 Domine,

311 2066 437 2089 aureum
461 2058 562 2089 altare

264 2104 352 2135 Tuae
377 2105 488 2143 erucis,
514 2108 666 2145 appetens

310 2151 413 2185 laudis
436 2152 609 2193 immolare,

264 2198 359 2239 Tura,
386 2198 590 2239 thymiamata

309 2246 454 2285 Precum,
479 2249 514 2277 tu
538 2246 669 2285 dignare

265 2292 324 2324 His
350 2302 400 2325 me
420 2292 593 2331 sacrificiis,

311 2342 393 2381 Iesu,
419 2342 454 2372 tu
478 2341 615 2380 placare.

877 2013 908 2043 2.

935 2010 1044 2043 Adoro
1068 2010 1203 2049 vestigia

981 2057 1108 2098 pedum,
1134 2066 1214 2096 quae
1238 2057 1394 2098 formasti,

938 2104 1012 2136 Cum
1037 2104 1070 2135 in
1095 2104 1195 2136 sacris
1219 2106 1337 2137 umeris

985 2159 1107 2182 crucem
1131 2150 1291 2193 baiulasti,

936 2197 1057 2231 Lambo
1082 2197 1255 2239 stillicidia,

982 2245 1095 2285 quibus
1121 2245 1276 2278 dedicasti

936 2292 1078 2333 Terram,
1105 2294 1229 2333 quando
1255 2295 1408 2334 sanguine

984 2339 1067 2370 hane
1089 2340 1265 2376 inebriasti,
