1650 2612
194 184 249 216 36.

197 585 249 616 37.

201 986 255 1018 38.

201 1389 255 1421 39.

201 1794 256 1827 40.

203 2197 259 2230 41,

695 87 953 120 —226—

275 181 377 220 Salve,
402 182 489 222 virgo
515 181 661 220 gloriosa,

326 229 409 260 dicta
433 229 493 260 Dei
519 228 638 265 civitas,

278 275 373 308 Cuius
397 274 503 306 firmat
525 273 729 306 fundamenta

323 322 473 354 montium
497 321 684 360 sublimitas,

275 369 327 401 Ex
350 372 391 410 te,
418 369 470 408 qui
494 371 526 399 te
549 368 595 398 sic
619 367 774 406 fundavit,

322 419 413 447 natus
438 418 484 446 est
508 415 688 456 altissimus,

275 461 319 494 Ut
344 470 401 501 per
419 470 541 493 carnem
559 462 603 492 sit
618 461 799 500 redemptor

323 508 512 540 redimendis
537 509 706 547 proximus

276 583 378 621 Salve,
406 582 445 614 de
470 591 530 623 qua
555 586 645 614 natus
670 585 777 614 nostro

326 630 427 662 dolori
453 630 644 668 compatiens

275 678 397 709 Poenas
422 677 517 708 solvit
541 681 573 709 et
597 686 615 708 a
637 679 738 708 morte

322 732 379 755 nos
403 723 538 755 redemit
560 724 708 764 moriens,

277 770 335 809 Qui
361 772 541 810 expandens
564 769 729 802 crucifixus

323 826 432 849 manus
456 818 489 849 in
514 818 665 856 patibulo,

278 865 330 896 Ad
353 872 389 895 se
412 865 540 896 trahens
563 865 720 901 universa,

326 911 403 942 dans
427 912 559 943 salutem
583 911 710 951 populo.

282 985 385 1024 Salve,
411 986 511 1027 virgo,
533 986 644 1017 summi
667 986 767 1024 patris

326 1033 454 1072 gignens
478 1032 680 1072 unigenitum,

279 1079 375 1117 Quem
399 1079 431 1110 in
460 1079 579 1111 cunctis
602 1080 672 1119 ipse
696 1082 787 1118 pater

324 1125 416 1165 ponit
437 1126 688 1165 primogenitum,

279 1173 372 1204 Hunc
386 1172 420 1203 in
436 1173 540 1213 terriS,
560 1173 643 1204 hunc
657 1173 690 1204 in
708 1172 802 1204 caelis

327 1219 446 1251 exaltat
469 1228 547 1259 prae
571 1219 707 1260 regibuS,

279 1266 401 1297 Nomen
428 1267 526 1307 dedit,
553 1268 636 1306 quod
661 1267 789 1298 excellit

327 1313 468 1345 omnibus
491 1314 680 1345 nominibus,

281 1387 385 1428 Salve,
416 1396 473 1427 per
497 1397 591 1429 quam
611 1389 803 1420 exsultantes

328 1435 367 1466 de
389 1435 606 1467 misericordia

280 1481 376 1513 Mane
402 1481 518 1514 Christi
543 1482 732 1523 resurgentis

329 1528 466 1569 replevit
487 1530 618 1571 laetitia,

279 1575 481 1607 Exsultemus
507 1578 538 1607 et
561 1577 713 1608 laetemur

329 1621 375 1655 sic
398 1623 431 1653 in
458 1623 509 1655 die
532 1624 662 1663 gratiae,

281 1669 328 1702 Ut
352 1669 391 1702 ad
415 1670 497 1701 diem
521 1671 734 1711 pertingamus

328 1717 513 1749 immortalis
538 1718 666 1757 gloriae.

282 1792 386 1835 Salve,
396 1801 454 1831 per
464 1801 556 1833 quam
562 1792 704 1825 Christus
712 1796 853 1825 nostrum

328 1838 431 1871 factus
456 1843 503 1871 est
527 1839 691 1880 refugium,

281 1887 343 1919 Per
352 1890 543 1926 assumptam
554 1890 718 1926 praestans
729 1896 852 1919 carnem

331 1934 392 1966 Dei
416 1934 628 1975 participium,

284 1980 336 2011 Sic
360 1981 393 2012 in
417 1990 472 2012 suo
498 1982 683 2013 commorari

332 2026 383 2059 fac
406 2036 462 2059 nos
487 2027 653 2068 adiutorio,

283 2074 329 2107 Ut
352 2073 467 2106 festina
491 2083 615 2114 semper
639 2076 717 2108 assit

328 2121 413 2152 illius
437 2122 602 2162 protectio.

284 2195 388 2234 Salve,
415 2195 477 2237 pia,
502 2196 598 2238 salve,
622 2196 707 2228 bona

330 2243 431 2274 mater
455 2242 530 2275 boni
553 2243 690 2284 Domini,

285 2289 379 2322 Cuius
402 2289 489 2329 pium
515 2292 563 2320 est
587 2293 619 2322 et
641 2291 756 2323 bonum

333 2334 475 2369 confiteri
497 2338 626 2378 nomini,

868 396 922 428 42.

869 800 923 832 43.

872 1203 926 1235 44.

872 1606 928 1638 45.

875 2011 930 2043 46.

950 181 997 211 Tu
1024 189 1056 211 es
1081 181 1192 212 cedrus
1218 180 1366 220 exaltata,

997 230 1031 258 tu
1053 228 1158 266 palma
1181 225 1338 266 florigera,

950 272 1076 305 Florem
1102 272 1285 313 fructusque
1309 272 1460 303 virtutum

994 320 1027 352 in
1052 320 1142 351 nobis
1167 327 1331 359 exaggera.

949 394 1052 433 Salve,
1080 395 1120 426 de
1144 403 1204 434 qua
1228 402 1285 425 rex
1312 394 1456 424 decorem

995 444 1027 473 et
1050 441 1198 473 virtutem
1222 441 1336 481 induit,

952 489 1029 521 Cum
1051 488 1085 519 in
1107 490 1218 520 ventre
1242 487 1390 528 virginali

998 544 1110 574 corpus
1134 534 1195 567 sibi
1219 535 1338 573 texuit3

948 583 1037 615 Haec
1061 585 1110 614 est
1134 583 1242 614 domus
1267 585 1321 613 tua
1348 582 1451 622 digna,

998 631 1121 662 domum
1147 633 1242 668 tuam,
1268 628 1413 669 Domine,

949 677 986 709 In
1013 677 1133 709 dierum
1157 675 1334 708 sanctitudo

998 725 1089 756 decet
1110 723 1318 762 longitudine.

951 799 1054 839 Salve,
1080 807 1138 837 per
1162 806 1253 837 quam
1280 796 1341 836 egit
1366 797 1451 828 Deus

996 845 1149 877 ultionum
1174 844 1283 885 libere,

950 893 1050 924 Iudex
1070 892 1169 923 iustus
1195 894 1224 922 et
1250 890 1394 932 superbis

997 941 1107 978 potens
1132 937 1318 977 retribuere,

951 986 1029 1018 Cum
1054 985 1198 1017 districta
1222 994 1279 1024 pro
1305 985 1445 1024 peccatis

999 1032 1140 1072 exigetur
1163 1032 1252 1072 ultio,

952 1080 1020 1111 Tua
1043 1079 1102 1110 tibi
1125 1079 1339 1118 supplicantes

998 1128 1128 1158 excuset
1150 1125 1261 1158 oratic.

952 1201 1046 1233 Salve
1068 1201 1154 1232 cuius
1179 1208 1237 1231 rex
1260 1199 1405 1231 caelestis

999 1248 1177 1287 concupivit
1200 1247 1339 1286 speciem

951 1295 996 1327 Et
1018 1296 1052 1327 in
1076 1303 1113 1325 ea
1136 1294 1336 1333 requiescens

998 1349 1055 1374 nos
1080 1345 1172 1374 vocat.
1196 1341 1237 1372 ad
1262 1341 1412 1380 requiem,

951 1390 989 1421 In
1013 1389 1175 1428 praesenti
1198 1388 1244 1419 sic
1266 1390 1376 1428 agatur

999 1434 1208 1468 sabbatismus
1233 1434 1364 1475 gratiae,

953 1483 997 1515 Ut
1022 1483 1170 1522 perennis
1196 1482 1229 1512 in
1253 1481 1360 1513 futuro

1003 1531 1096 1562 detur
1119 1530 1206 1569 quies
1231 1529 1358 1568 gloriae.

955 1604 1058 1645 Salve,
1083 1612 1142 1643 per
1167 1612 1259 1643 quam
1276 1604 1376 1636 omnis
1394 1607 1482 1636 terra

1001 1660 1117 1683 novum
1142 1653 1250 1683 cantat
1271 1651 1428 1684 canticum

956 1698 1106 1731 Laudans
1139 1700 1266 1738 partum
1291 1700 1323 1730 et
1346 1699 1482 1731 adorans

1002 1745 1134 1785 virginis
1157 1745 1367 1786 magnificum,

959 1793 1028 1825 Sint
1050 1793 1084 1824 in
1110 1794 1208 1834 caelo,
1233 1793 1298 1825 sint
1320 1793 1355 1824 in
1377 1796 1465 1825 terra

1004 1841 1089 1872 laeta
1109 1840 1239 1873 laudum
1264 1841 1414 1883 carmina,

959 1888 1080 1920 Cuncta
1105 1887 1247 1920 Christus
1273 1888 1326 1928 qui
1352 1888 1473 1921 creavit

1003 1937 1095 1967 natus
1121 1937 1170 1966 est
1193 1943 1232 1966 ex
1256 1934 1384 1967 femina.

958 2010 1063 2051 Salve,
1090 2011 1176 2042 cuius
1199 2010 1241 2042 ad
1266 2010 1360 2042 beata

1003 2058 1105 2089 sancti
1127 2059 1239 2097 partus
1263 2056 1379 2096 gaudia

956 2103 1027 2136 Lux
1052 2107 1100 2135 est
1124 2107 1193 2136 orta
1216 2104 1311 2135 rectis
1337 2105 1434 2137 corde

1003 2151 1156 2190 iustisque
1178 2150 1312 2193 laetitia,

956 2197 1009 2230 Da
1033 2198 1079 2229 sic
1100 2198 1189 2229 illum
1214 2198 1357 2229 venerari

1007 2245 1184 2277 venientem
1206 2244 1366 2286 humilem,

959 2292 1005 2325 Ut
1028 2292 1130 2323 securi
1155 2290 1316 2323 videamus

1007 2343 1170 2371 venturum
1196 2338 1382 2373 terribilem.
