1650 2612
232 205 287 236 20.

233 604 287 638 21.

227 1008 281 1039 22.

227 1411 281 1442 23.

227 1814 281 1845 24.

226 2216 280 2248 25.

313 204 363 235 Ex
387 203 449 235 tuis
473 203 655 234 vulneribus

357 250 485 290 sanguis
509 250 675 289 emanavit,

315 298 409 330 Cuius
436 297 554 328 clamor
578 297 702 328 validus

360 345 462 375 caelos
487 343 674 382 penetravit,

311 390 527 421 Exclamando
553 389 674 420 veniam

357 436 434 468 mihi
457 436 639 476 postulavit,

310 482 481 523 Suspendit
504 482 701 522 sententiam,

354 530 490 561 iudicem
515 528 662 567 placavit.

313 606 437 645 Anima,
462 603 632 643 incorpora

358 660 416 692 per
442 650 641 682 dilectionem

311 698 385 730 Tibi
411 697 529 730 Christi
550 697 743 740 sanguinem,

355 754 414 784 per
439 744 635 776 devotionem

308 792 402 823 Hunc
425 791 457 822 in
483 793 587 822 mente
611 791 726 830 recole,

355 839 397 870 ad
422 836 648 869 confessionem

309 885 426 918 Laudis
452 884 542 915 huius
567 884 726 924 sanguinis

357 939 514 971 praepara
538 939 721 963 sermonem.

307 1007 384 1039 Cum
410 1015 493 1038 esses
518 1007 550 1037 in
575 1006 725 1046 sanguine

356 1057 420 1093 tuo,
448 1061 516 1085 eras
541 1056 628 1084 muta

309 1102 339 1132 A
363 1100 459 1132 laude
484 1102 515 1130 et
538 1102 671 1138 mortua,

354 1146 503 1187 sanguine
523 1146 631 1178 abluta

309 1193 434 1235 Christi,
461 1193 519 1223 tibi
544 1193 661 1224 dictum
687 1195 750 1225 est:

355 1240 435 1272 Vive
460 1248 532 1279 ergo
557 1242 634 1279 tuta,

306 1286 430 1326 Lingua
454 1286 563 1325 hisque
587 1286 733 1317 laudibus

353 1333 533 1373 sanguinem
558 1333 670 1365 saluta.

308 1410 387 1450 Ave,
414 1408 541 1449 sanguis
566 1408 702 1448 Domini,

355 1455 442 1488 verbi
468 1455 633 1495 incarnati,

306 1503 442 1542 Tyriaca
465 1501 580 1532 medici

354 1558 412 1589 pro
438 1557 487 1579 me
511 1548 657 1588 lanceati,

308 1596 402 1628 Guius
427 1594 569 1626 efficacia

356 1651 462 1675 omnes
486 1644 557 1673 sunt
582 1642 693 1680 sanati,

309 1690 367 1728 Qui
393 1689 466 1721 Iesu
490 1691 563 1720 sunt
586 1689 725 1721 moribus

355 1737 450 1769 vitam
476 1736 651 1775 protestati.

308 1813 332 1844 O
357 1814 547 1852 unguentum
565 1810 681 1853 nobile,

354 1858 437 1897 quod
462 1857 664 1889 humanitatis

306 1906 358 1937 Ex
381 1903 460 1936 flore
484 1903 658 1935 confectum
682 1907 731 1936 est

354 1954 387 1982 et
411 1950 596 1989 divinitatis,

305 1998 412 2037 Adipe
436 1997 468 2027 in
493 1997 631 2027 thalamo

353 2051 492 2076 summae
516 2043 692 2075 sanctitatis

305 2092 428 2123 Mariae
452 2099 471 2121 a
495 2090 608 2129 spiritu

352 2146 491 2170 summae
521 2137 658 2176 pietatis.

307 2214 356 2246 Tu
381 2215 518 2245 rosetum
538 2213 660 2244 animae

352 2262 455 2293 Iesum
482 2260 652 2299 diligentis,

304 2310 357 2341 Ad
382 2307 493 2340 vulnus
520 2306 560 2338 de
584 2307 714 2338 vulnere

352 2364 387 2387 se
411 2352 669 2395 circumferentis,

752 109 982 143 —28-

901 419 957 452 26.

899 821 953 853 27.

898 1224 952 1256 28.

898 1626 952 1658 29.

899 2028 953 2061 30.

981 205 1153 236 Vulnerum
1175 204 1399 244 perambulans

1028 251 1099 283 loca
1121 260 1210 283 mens
1233 250 1403 291 pigmentis

983 297 1137 329 Rosarum
1162 297 1312 336 reficitur,

1028 344 1080 375 hic
1105 347 1153 376 est
1177 344 1265 376 cibus
1289 343 1415 375 mentis.

983 418 1030 450 Tu
1055 419 1127 461 mel,
1154 419 1238 458 quod
1263 419 1440 450 extrahitur

1028 465 1121 496 labiis
1146 466 1285 505 sugentis

980 511 1031 542 Ex
1057 510 1137 543 favis
1163 512 1353 543 dulcissimis

1031 558 1194 590 vulnerum
1218 558 1387 599 pendentis

982 605 1019 636 In
1045 605 1147 636 crucis
1171 605 1326 647 patibulo,

1027 658 1062 683 tu
1086 652 1212 691 sanguis
1237 652 1378 683 rubentis

980 698 1069 731 Uvae
1092 699 1334 740 meracissimus,

1024 748 1060 776 tu
1083 746 1150 777 vita
1174 746 1321 779 viventis.

979 820 1033 852 Ad
1057 820 1104 852 tui
1127 821 1309 852 memoriam

1027 867 1131 898 cordis
1156 867 1304 898 obdurati

978 914 1119 945 Adamas
1145 913 1338 952 dissolvitur,

1026 959 1116 998 facis,
1142 963 1178 991 ut
1202 960 1326 999 peccati

977 1007 1123 1038 Animam
1148 1007 1319 1046 paeniteat,

1026 1052 1114 1092 facis,
1143 1057 1180 1085 ut
1202 1054 1298 1093 legati

979 1100 1031 1132 Ad
1055 1100 1156 1132 Deum
1181 1101 1246 1131 sint
1269 1100 1420 1132 lacrimae

1025 1147 1130 1179 cordis
1153 1147 1341 1179 contristati.

979 1222 1003 1254 Ο
1030 1222 1157 1262 sanguis
1183 1222 1373 1262 dulcissime,

1025 1269 1151 1308 sanguis
1176 1269 1322 1308 gloriose,

978 1315 1026 1346 Tu
1051 1324 1140 1347 meae
1166 1316 1306 1357 divitiae,

1025 1371 1166 1403 gemmae
1189 1363 1359 1403 pretiosae,

978 1410 1027 1441 Tu
1051 1418 1139 1441 meae
1164 1410 1307 1450 deliciae,

1025 1459 1060 1487 tu
1083 1455 1178 1488 fiores
1204 1459 1235 1487 et
1259 1465 1360 1500 rosae,

979 1503 1093 1535 Grates
1115 1503 1173 1534 tibi
1197 1503 1302 1534 refero

1025 1549 1095 1581 fuso
1121 1550 1256 1591 copiose.

980 1625 1094 1657 Grates
1120 1625 1186 1668 tibi,
1211 1625 1332 1668 lancea,

1027 1681 1107 1712 quae
1130 1672 1214 1704 viam
1238 1671 1345 1703 fecisti

979 1720 1041 1752 'Per
1064 1720 1157 1760 latus,
1183 1727 1242 1758 per
1266 1719 1377 1751 lateris

1028 1769 1131 1797 costas
1155 1766 1295 1797 introisti

981 1812 1093 1845 Cordis
1119 1814 1333 1844 sanctuarium

1026 1859 1192 1890 salvatoris
1216 1860 1344 1899 Christi,

978 1905 1028 1937 Ibi
1051 1908 1085 1936 te
1107 1906 1280 1938 visceribus

1027 1953 1100 1984 Iesu
1123 1953 1317 1987 immersisti.

980 2027 1061 2065 Quid
1086 2027 1162 2059 boni
1186 2029 1335 2062 eduxeris

1025 2074 1110 2114 inde,
1137 2076 1206 2114 quis
1229 2077 1398 2110 narrabit?

979 2121 1049 2152 Hoc
1073 2121 1188 2153 bonum
1215 2123 1271 2155 dat
1295 2126 1429 2164 gratiam

1025 2169 1058 2199 in
1083 2171 1253 2211 praesenti,
1281 2172 1371 2204 dabit

980 2215 1016 2246 In
1041 2220 1143 2248 morte
1165 2216 1325 2262 fiduciam,

1027 2262 1147 2294 caelum
1171 2267 1338 2307 reserabit,

980 2309 1119 2341 Sociabit
1147 2313 1277 2354 angeliS,

1027 2358 1106 2389 rosis
1132 2361 1305 2396 coronabit.
