1650 2612
187 219 242 251 14.
269 221 348 258 Ave,
376 229 434 260 per
458 230 549 261 quam
578 224 677 255 deitas

315 268 419 300 carnis
443 269 627 301 indumento

268 315 368 346 Tecta
393 319 485 347 curat
508 317 687 349 morbidum

314 363 435 402 gratiae
459 362 625 403 fermento,

269 409 400 449 Quaeso,
425 408 486 450 fac,
511 412 677 451 centuplici

315 458 456 496 gaudens
480 458 672 491 incremento

267 504 442 536 Abundare
467 506 587 538 valeam

315 552 444 583 vallium
469 551 637 584 frumento.

186 627 240 660 15.
267 627 346 663 Ave,
374 628 461 667 virgo
487 636 639 667 generans

314 674 417 712 plebis
441 675 590 714 salutare,

267 720 362 753 Cuius
387 721 498 753 laudes
524 724 673 753 resonant

316 768 435 799 eaelum
461 771 555 809 atque
578 777 676 807 mare,

266 815 325 853 Qui
349 818 494 847 naturam
519 816 654 848 hominis

313 862 421 894 volens
448 864 589 895 exaltare

267 909 436 942 Moriendo
462 910 562 941 voluit

314 961 447 988 mortem
472 957 652 989 terminare.

694 126 947 161 —159—

945 225 1012 257 Nec
1035 234 1096 256 non
1120 225 1310 264 adjutorium

989 273 1112 304 miseris
1137 273 1295 311 impendit

944 320 1142 353 conterendo
1167 320 1307 361 laqueos,

989 367 1088 399 hostis
1113 375 1189 406 quos
1213 367 1357 399 tetendit.

865 443 918 474 20.
945 443 1023 485 Ave,
1051 442 1134 473 vitae
1158 442 1260 485 ianua⁷

861 846 917 879 21.

186 1031 241 1064 16.
266 1032 346 1069 Ave,
374 1041 431 1071 per
456 1040 548 1071 quam
572 1031 695 1063 miseris

313 1078 399 1109 Deus
424 1079 601 1117 miseretur,

265 1126 326 1157 Per
351 1134 444 1165 quam
469 1125 570 1157 nostri
595 1125 718 1164 generis

312 1173 415 1204 scelus
440 1172 594 1212 aboletur,

265 1221 327 1252 Per
354 1222 387 1250 te
411 1220 457 1251 sic
481 1220 609 1252 miseria

311 1269 421 1298 nostra
445 1267 613 1307 relevetur,

263 1314 309 1347 Ut
332 1313 364 1344 in
391 1313 453 1345 fine
476 1313 590 1354 gaudio

310 1369 386 1392 vero
412 1363 618 1401 permutetur.

182 1437 235 1470 17.
262 1438 342 1478 Ave,
371 1437 411 1468 de
435 1445 497 1476 qua
521 1439 612 1469 natus
638 1440 687 1468 est

310 1484 522 1525 triumphator
547 1485 668 1524 mortis,

263 1531 351 1562 Deus
377 1540 416 1562 ex
441 1533 474 1561 te
498 1532 659 1571 particeps

858 1251 915 1284 22.

309 1576 411 1610 factus
435 1581 563 1610 nostrae
587 1580 691 1619 sortis,

263 1626 322 1664 Qui
348 1626 490 1666 captivos
517 1634 628 1657 eruens

311 1672 351 1704 ab
375 1672 491 1704 inferni
517 1672 617 1712 portis

265 1719 394 1752 Reddat
413 1729 472 1752 nos
497 1721 653 1758 consortio

310 1767 447 1799 caelicae
473 1767 620 1800 cohortis.

182 1844 237 1876 18.
263 1844 344 1882 Ave,
370 1843 466 1874 stella
488 1842 622 1884 fulgida,

310 1891 403 1922 stella
428 1891 588 1931 salutaris,

261 1938 372 1980 Stella,
400 1939 440 1971 de
464 1947 527 1978 qua
550 1938 671 1978 prodiit

306 1986 415 2018 radius
440 1986 564 2024 solaris,

260 2034 379 2066 Mentis
403 2033 489 2074 pelle
514 2033 662 2065 tenebras

306 2090 365 2114 nec
389 2091 447 2113 nos
471 2081 605 2121 patiaris

257 2129 435 2162 Absorberi
460 2127 608 2161 fluctibus

303 2177 475 2218 procellosi
500 2176 606 2208 mariS.

178 2253 230 2287 19.
256 2253 338 2293 Ave,
366 2254 458 2285 vallis
482 2252 620 2292 humilis,

858 1657 912 1689 23.

857 2066 910 2097 24.

305 2302 338 2333 in
364 2310 456 2341 quam
483 2309 552 2333 cum
580 2300 746 2332 descendit

258 2348 344 2381 Deus
370 2358 474 2389 verus,
499 2348 651 2381 Abrahae

303 2405 410 2429 semen
434 2397 655 2438 apprehendit,

990 489 1149 528 speculum
1173 489 1309 528 virtutis,

942 535 1157 567 Protectorem
1183 545 1336 575 generans

990 591 1050 622 ope
1077 583 1243 624 destitutis,

943 629 1092 661 Nostrum
1117 631 1159 661 sit
1182 629 1349 670 refugium,

989 679 1115 708 nostrae
1139 685 1212 715 spes
1236 677 1358 719 salutis,

942 723 1005 754 Per
1030 731 1119 762 quem
1147 723 1235 755 dirae
1259 725 1392 756 solvitur

988 771 1093 811 iugum
1118 771 1290 803 servitutis.

942 847 1022 885 Ave,
1050 846 1128 877 caeli
1153 846 1262 887 pluvia

989 893 1088 924 vellus
1112 894 1292 932 irroratum,

941 940 1161 972 Indumentum
1186 949 1383 980 praeparans

987 986 1053 1028 regi
1074 990 1291 1026 purpuratum,

942 1033 998 1072 Qui
1023 1042 1057 1065 se
1081 1034 1181 1065 nostri
1207 1034 1330 1074 generis

985 1089 1097 1120 gerens
1123 1081 1310 1113 advocatum

941 1127 1032 1158 Fecit
1055 1126 1150 1159 finem
1174 1128 1294 1166 litibus,

986 1174 1079 1205 finem
1104 1174 1297 1213 perbeatum.

940 1249 1020 1289 Ave,
1046 1250 1135 1290 virgo
1159 1258 1312 1289 generans

987 1296 1080 1329 Orbis
1105 1297 1320 1337 architectum,

938 1343 1042 1385 Hunc⁷
1069 1344 1121 1383 qui
1146 1345 1255 1376 mortis
1278 1346 1416 1377 moriens

987 1391 1136 1423 terminat
1159 1390 1313 1431 effectum,

940 1438 1058 1470 Mentis
1082 1441 1210 1470 nostrae
1233 1440 1391 1479 gressibus

986 1487 1048 1517 iter
1069 1490 1162 1525 parat
1187 1490 1319 1528 rectum,

939 1533 985 1565 Ut
1007 1542 1203 1573 nequaquam
1229 1537 1372 1567 transeat

987 1580 1099 1613 Cordis
1123 1581 1157 1612 in
1183 1580 1351 1614 defectum.

938 1656 1019 1695 Ave,
1047 1657 1134 1688 cuius
1161 1655 1242 1688 filius

987 1712 1121 1742 operans
1147 1704 1279 1737 salutem

939 1749 976 1781 In
1002 1753 1158 1782 terrarum
1185 1753 1289 1784 medio

986 1800 1092 1830 monet
1117 1799 1157 1830 ad
1184 1799 1342 1842 virtutem,

939 1845 1168 1877 Aerumnosam
1194 1855 1330 1886 remove,

987 1896 1097 1935 mater,
1125 1893 1320 1935 servitutem,

939 1939 1093 1971 Praesens
1117 1944 1150 1972 ut
1174 1942 1301 1974 exilium

985 1987 1101 2027 gaudio
1126 1993 1312 2029 permutem.

936 2067 1016 2105 Ave,
1045 2073 1131 2097 culus
1156 2067 1257 2107 gratia

988 2112 1109 2145 veniam
1134 2116 1283 2155 meretur,

937 2159 1050 2192 Fidem
1076 2161 1127 2200 qui
1154 2162 1338 2194 catholicam

984 2208 1037 2247 pie
1059 2207 1236 2249 confitetur,

937 2255 1025 2298 Tuis,
1052 2256 1151 2297 virgo,
1175 2258 1296 2290 meritis

981 2303 1191 2344 precibusque
1218 2306 1319 2345 detur,

937 2349 992 2391 Ut,
1019 2352 1102 2391 quod
1128 2353 1197 2385 Eva
1218 2353 1371 2395 perdidit,

981 2408 1040 2438 per
1063 2401 1095 2431 te
1120 2399 1317 2433 reformetur.
