1651 2613
692 117 946 151 —119—

352 210 407 243 19.
434 212 513 250 Ave,
539 212 623 252 Iesu,
649 221 797 253 meosque
821 214 945 253 respice
970 213 1111 254 gemitus,

348 428 406 460 20.

352 653 407 687 21.

350 1104 404 1136 23.

352 1555 408 1588 25.

354 1783 409 1815 26.

354 2012 410 2043 27.

354 2241 408 2273 28.

435 259 515 297 Quos
540 268 624 290 nunc
649 258 747 292 fundo
772 261 805 292 in
830 263 916 292 terra
940 261 1030 292 huius
1055 259 1220 299 incolatus,

433 306 471 337 In
497 314 560 346 qua
584 315 634 337 me
657 307 799 346 paenitet
821 308 943 340 tamdiu
967 306 1172 347 peregrinari,

432 353 491 392 Qui
517 352 575 384 tibi
601 362 720 385 summe
745 354 837 393 cupio
862 355 1022 388 associari.

432 427 512 471 Ave,
538 427 620 468 Iesu,
648 429 704 478 qui
726 438 789 461 non
816 429 933 461 dormis
957 437 1058 470 neque
1084 429 1246 471 dormitas,

429 474 497 506 Nos
523 475 648 507 custodi
672 464 861 515 nostrasque
888 477 989 517 dirige
1012 476 1150 515 semitas,

431 521 607 562 Nequando
632 531 690 562 per
717 524 801 555 diem
828 532 1015 563 prosperum
1040 524 1087 556 sol
1110 533 1168 555 nos
1193 526 1274 564 urat,

431 568 502 600 Neu
527 569 694 602 adversam
720 579 779 610 per
805 573 929 602 noctem
954 580 1011 603 nos
1035 572 1110 602 luna
1134 573 1260 603 atterat.

433 654 514 693 Ave,
544 654 627 694 Iesu,
654 663 718 693 pax
744 655 784 687 de
809 656 895 686 caelo
920 654 1132 695 manifestata,

430 700 501 732 Hac
526 703 581 731 tua
605 709 695 741 pace,
720 700 782 743 fac,
808 710 869 733 non
894 702 959 733 sint
984 702 1080 734 corda
1104 700 1267 740 frustrata,

431 747 529 785 Quam
554 749 588 778 tu
615 749 771 789 apostolis
797 748 953 787 quondam
973 750 1036 780 tuis
1063 748 1190 790 dedisti,

432 793 564 832 Quando
591 795 634 825 eis
661 794 734 827 Pax
758 794 847 826 vobis
873 796 986 827 totiens
1013 795 1131 829 dixisti,

397 904 403 911 .
431 879 512 919 Ave,
539 878 620 916 Iesu,
650 879 870 918 despectorum
897 879 949 918 qui
975 879 1146 918 misereris,

431 924 577 965 Respice,
606 934 803 965 quaesumus,
830 926 893 956 tuis
919 934 1015 966 super
1038 925 1161 957 miseris

430 972 474 1004 Et
501 971 562 1011 fac,
588 976 623 1003 ut
649 973 691 1004 ad
716 976 748 1004 te
772 981 844 1004 suos
872 972 1011 1012 dirigant
1037 973 1153 1011 oculos,

431 1020 490 1058 Qui
515 1027 550 1050 se
575 1027 700 1058 semper
725 1020 779 1051 hic
803 1019 1051 1051 aestimaverunt
1074 1019 1224 1051 misellos.

432 1104 512 1143 Ave,
540 1104 623 1144 Iesu,
649 1105 704 1135 tua
729 1104 781 1143 qui
805 1104 952 1142 passione

432 1150 678 1182 Daemoniorum
703 1160 722 1182 a
748 1150 915 1182 venatione

433 1197 543 1229 Nostri
569 1197 715 1228 misertus
739 1206 796 1229 nos
822 1197 976 1238 eripuisti,

432 1243 551 1276 Nostra
575 1244 609 1275 in
636 1253 730 1275 cruce
753 1246 886 1284 peccata
909 1244 1020 1275 tulisti.

430 1330 510 1369 Ave,
537 1329 590 1368 qui
613 1338 676 1360 non
700 1330 860 1367 relinques
884 1329 1007 1369 virgam
1032 1330 1231 1368 peccatorum

433 1376 587 1417 Omnium,
613 1379 652 1413 ut,
669 1376 854 1415 praevaleat
878 1377 956 1407 sorti
981 1377 1148 1417 iustorum,

433 1423 496 1455 Sed
522 1423 550 1454 si
575 1424 748 1455 extendant
773 1432 846 1455 suas
872 1424 913 1455 ad
938 1426 971 1454 te
995 1423 1071 1454 iusti
1097 1431 1209 1455 manus*¹

432 1470 519 1502 Tuae
543 1470 701 1510 largitatis
727 1470 838 1502 offeres
864 1471 909 1501 eis
934 1480 1057 1503 munus,

434 1555 515 1596 Ave,
542 1555 630 1585 euius
655 1555 792 1595 apostoli
813 1555 900 1587 inter
923 1560 1032 1595 gentes

435 1602 531 1634 Ibant
555 1603 752 1641 evangelium
777 1603 999 1634 annuntiante„

434 1648 479 1680 Et
503 1647 638 1681 Domino
662 1650 842 1690 manipulos
867 1653 1068 1690 reportantes

435 1695 554 1728 Multos
580 1696 760 1728 reddebant
782 1695 858 1728 fidei
882 1697 1057 1729 audientes.

436 1783 514 1825 Ave,
540 1782 623 1822 Iesu,
651 1781 737 1813 cuius
763 1784 926 1821 permanet
955 1782 1137 1820 aeternitas,

434 1829 620 1861 Electorum
647 1829 785 1860 omnium
811 1829 863 1867 qui
888 1837 920 1860 es
945 1829 1118 1868 hereditas,

435 1878 465 1908 A
491 1876 582 1908 nobis
608 1876 786 1916 potentium
811 1876 931 1915 repelle
952 1877 1094 1917 sagittas,

435 1924 483 1957 Ut
506 1932 568 1956 non
592 1924 777 1963 praevaleat
801 1931 907 1955 eorum
930 1924 1091 1964 iniquitas,

434 2011 513 2051 Ave,
537 2009 620 2052 Iesu,
647 2018 739 2049 quem
765 2009 817 2050 qui
843 2010 964 2051 timent,
991 2013 1064 2042 suut
1088 2009 1184 2048 beati,

435 2057 644 2090 Ambulantes
671 2058 704 2088 in
729 2058 790 2089 viis
816 2057 881 2088 eius
909 2057 1012 2100 ditati,

435 2106 474 2138 111
500 2105 558 2138 viis
583 2105 646 2136 tuis
671 2105 717 2136 sic
741 2113 797 2137 nos
823 2103 875 2136 fac
899 2105 1071 2144 ambulare,

437 2153 579 2186 Labores
606 2155 731 2184 nostros
756 2155 792 2184 ut
816 2152 972 2191 possimus
999 2153 1104 2185 edere.

435 2241 516 2280 Ave,
543 2240 746 2279 peccatorum
772 2238 825 2278 qui
851 2239 990 2271 concidis
1017 2239 1167 2281 cervices,

438 2288 496 2321 Uti
521 2294 687 2327 meremur,
713 2289 823 2318 nostra
846 2288 881 2317 tu
905 2295 945 2318 ne
969 2289 1099 2327 peccata
1122 2287 1277 2327 vindices,

439 2335 503 2367 Sed
529 2333 753 2374 quaerentibus
778 2334 914 2372 spatium
937 2335 1161 2374 paenitentiae,

436 2383 513 2426 Fac,
540 2390 667 2422 quaeso,
694 2391 755 2413 non
784 2381 867 2412 desit
890 2382 1021 2422 largitas
1048 2383 1167 2414 veniae.
