1650 2612
193 220 224 252 3.
249 219 328 258 Ave,
355 218 441 249 euius
465 216 547 248 filius

296 266 379 305 patri
406 264 590 303 coaequalis,

252 312 351 344 Nobis
375 321 409 343 se
434 313 668 349 contemperans

299 358 400 390 factus
426 362 473 388 est
497 357 646 397 rnmtalis,

250 405 315 436 Nos
339 404 532 445 experientia

299 453 410 483 doceat
433 451 536 489 realis,

252 500 340 537 Quod
364 500 396 529 in
423 497 487 528 eius
512 498 636 528 nomine

296 546 452 576 salvemur
476 553 496 575 a
518 544 619 574 malis,

192 622 223 652 4.
248 621 327 660 Ave,
353 618 552 651 secretarium

297 665 515 704 exaudit-ionis,

251 713 370 745 Nostra
396 712 491 744 verba
514 712 637 751 suscipe

301 759 529 800 deprecationis

250 806 377 846 Nosque
401 811 472 838 tuae
497 806 615 845 gratiae

295 854 495 893 praedotatos
522 852 610 883 donis

251 901 302 932 Ad
330 901 454 931 divinae
478 897 633 945 transferas

299 948 401 978 lumen
426 946 564 978 visionis,

197 1023 227 1054 5.
253 1024 332 1061 Ave,
358 1025 457 1052 mater
481 1021 600 1058 veniae,

295 1071 405 1107 potens
429 1066 581 1107 misereri,

248 1116 285 1147 In
308 1118 429 1146 tuorum
456 1122 584 1144 numero

297 1161 348 1193 fae
371 1170 427 1193 nos
452 1161 609 1191 recenseri

248 1209 299 1250 Et,
332 1217 399 1239 cum
424 1207 585 1238 ventilatio

296 1256 434 1294 eoeperit
457 1254 575 1292 haberi,

249 1303 332 1334 Iram
359 1302 448 1332 nobis
473 1304 612 1338 tempera

295 1349 407 1380 iudicis
432 1347 542 1378 severi.

191 1424 221 1456 6.
248 1423 327 1462 Ave,
353 1423 452 1454 nostri
476 1422 596 1461 generis

300 1473 410 1508 potens
435 1468 597 1509 advocata,

252 1516 405 1548 Miserere
429 1515 561 1557 miseris,

297 1563 440 1594 Misereri
464 1565 548 1600 nata,

252 1611 327 1652 Nos,
354 1611 406 1649 qui
429 1618 488 1648 per
512 1613 543 1640 te
568 1609 723 1640 oredimus

298 1658 376 1689 solvi
402 1657 549 1694 iudicata,

250 1705 312 1736 Per
336 1707 367 1735 te
392 1704 471 1736 solvi
496 1704 630 1742 petimus

296 1752 375 1782 solvi
399 1751 566 1791 postulata.

196 1828 225 1858 7.
251 1827 329 1864 Ave,
357 1833 434 1866 quae
459 1826 610 1858 iustitiam

293 1882 417 1912 semper
441 1881 473 1903 es
498 1873 612 1914 locuta,

249 1921 344 1953 Cuius
370 1929 429 1960 ope
456 1920 639 1951 daemonum

296 1966 382 1998 fraus
409 1969 456 1998 est
481 1967 642 2006 diminuta,

250 2013 372 2046 Sentiat
393 2018 425 2044 et
448 2013 551 2051 sapiat

296 2069 354 2099 per
379 2065 410 2091 te
434 2060 523 2098 plebs
549 2061 667 2099 adiuta,

249 2108 406 2139 Libertati
430 2107 583 2145 pristinae

297 2154 386 2192 Quod
411 2154 454 2185 sit
478 2154 634 2186 restituta.

196 2232 226 2263 8.
250 2230 329 2271 Ave,
355 2232 456 2260 mater
481 2229 622 2260 nesciens

296 2277 326 2307 in
356 2276 470 2307 delicto
495 2276 628 2314 thorum,

673 120 928 155 —158—

862 432 891 463 9.

840 835 892 866 10.

840 1236 893 1267 11.

841 2043 896 2075 13.

248 2324 301 2356 Ad
328 2332 418 2363 quam
446 2323 562 2354 elamat.
582 2324 702 2363 jugiter

296 2371 389 2403 turba
408 2370 554 2411 filiorum,

841 1639 894 1670 12.

916 215 983 247 Nos
1008 224 1026 246 a
1051 215 1139 246 malis
1164 215 1260 254 eripe,

965 271 1041 301 quos
1066 272 1085 293 a
1108 262 1160 293 via
1184 270 1302 293 morum

918 309 1096 349 Detoquere
1121 309 1236 349 satagit

965 359 1085 387 tractus
1106 356 1261 387 vitiorum.

918 432 996 473 Ave,
1024 439 1081 469 per
1106 439 1195 470 quam
1223 430 1323 461 deitas

966 486 1061 508 carne
1085 477 1216 516 palliata

917 524 1078 556 Idumeam
1102 524 1210 555 visitat

964 571 1123 610 corrigens
1148 573 1262 604 errata.

917 619 1000 658 Tibi,
1026 620 1135 656 mater,
1160 618 1275 657 iugiter

966 665 1084 704 psallat
1107 664 1196 703 plebs
1222 667 1341 706 renata,

919 712 977 743 Dei
1003 712 1169 751 participio

965 768 1023 798 per
1047 763 1079 789 te
1103 759 1231 790 sociata.

918 834 997 872 Ave,
1022 834 1076 864 lux
1103 833 1244 872 exposita

965 881 1068 912 lumen
1094 879 1313 921 praeminenti,

917 927 987 959 Lux
1011 927 1173 958 illustrans
1194 926 1298 958 omnia

965 974 1054 1005 radio
1078 974 1210 1012 patenti,

918 1021 984 1052 Nos
1009 1030 1028 1051 a
1052 1021 1142 1052 malis
1166 1020 1308 1051 omnibus

965 1076 1071 1098 serves
1094 1068 1126 1098 in
1152 1067 1321 1106 praesenti,

918 1114 1037 1145 Lumen
1064 1123 1169 1145 verum
1196 1112 1338 1145 conferas

965 1161 1128 1192 nubilosae
1151 1161 1257 1193 menti.

921 1238 998 1274 Ave,
1024 1244 1081 1274 per
1106 1244 1196 1274 quam
1224 1235 1323 1266 deitas

966 1290 1097 1322 peregre
1120 1281 1264 1320 profecta

921 1329 1071 1360 Visitavit
1096 1329 1218 1360 exsules

964 1376 1048 1406 nube
1073 1376 1175 1406 carnis
1200 1379 1293 1414 tecta,

918 1422 1035 1454 Nostra
1059 1431 1116 1461 per
1142 1426 1173 1453 te
1198 1422 1265 1453 Deo
1290 1422 1333 1453 sit

964 1470 1067 1500 anima
1091 1470 1241 1509 subiecta,

918 1517 970 1547 Ad
994 1517 1161 1548 solvendas
1187 1516 1319 1547 Domino

967 1566 1071 1603 grates
1090 1566 1327 1602 circumspecta.

922 1639 1001 1678 Ave,
1027 1638 1111 1669 vitae
1134 1638 1295 1678 pabulum⁷

967 1686 1122 1725 virginum
1146 1686 1285 1727 lucerna,

920 1733 1018 1771 Quam
1042 1733 1114 1772 plus
1141 1732 1221 1763 ditat
1245 1733 1358 1764 ceteris

967 1780 1069 1819 gratia
1091 1788 1237 1822 superna,

922 1827 1043 1858 Pietate
1067 1827 1197 1858 subveni

968 1873 1040 1905 filiis
1065 1878 1216 1915 materna,

921 1921 1103 1953 Sanctitatis
1128 1922 1223 1960 adipe

967 1969 1083 1999 satiens
1104 1969 1239 2001 interna.

922 2044 1001 2081 Ave,
1028 2044 1115 2083 virgo
1140 2052 1305 2082 generans,

967 2099 1025 2129 per
1050 2099 1142 2129 quam
1168 2089 1352 2121 defecerunt,

919 2137 974 2176 Hi,
1000 2137 1053 2177 qui
1076 2138 1161 2168 velut
1185 2136 1307 2177 gladios

969 2185 1091 2223 linguas
1116 2186 1277 2220 acuerunt,

921 2232 981 2271 Qui
1005 2231 1169 2262 tendentes
1193 2232 1332 2273 laqueos,

966 2278 999 2309 in
1025 2287 1101 2317 quos
1125 2278 1315 2318 inciderunt,

920 2326 971 2358 Ex
997 2324 1122 2357 defectu
1147 2326 1276 2365 proprio

967 2372 1058 2404 nobis
1083 2371 1280 2412 profuerunt.
