1650 2612
194 247 247 279 29.

195 473 251 504 30.

194 700 249 734 31.

192 928 246 960 32.

192 1155 246 1187 33.

192 1382 246 1414 34.

192 1609 246 1640 35.

192 1836 245 1868 36.

192 2066 246 2098 37.

189 2285 244 2318 38.

693 157 946 191 -261—

275 248 356 288 Ave,
384 248 471 279 cuius
496 249 528 280 in
552 248 618 281 filio

275 295 366 326 Haec
391 298 440 326 031
463 296 692 339 misericordia,

275 341 321 374 Ut
344 340 400 373 fiat
425 351 520 382 super
544 345 661 383 populo

276 387 467 429 Redemptio
494 390 631 429 copiosa.

277 473 357 513 Ave,
385 474 471 504 cuius
495 474 528 505 in
552 473 652 507 filium

276 519 378 551 Verus
403 521 466 551 iam
491 524 600 560 sperat
622 522 733 564 Israel,

278 567 339 605 Qui
363 576 425 599 non
451 568 550 599 elatus
575 570 714 601 moribus

276 614 326 646 De
351 622 385 645 se
410 616 507 646 sentit
530 615 701 651 humiliter.

275 700 356 740 Ave,
382 703 494 741 mater,
522 701 609 741 virgo
632 711 721 742 pura,

277 747 371 779 Cuius
399 749 510 786 partus
534 747 627 779 homo
652 749 739 781 Deus

277 794 375 826 Sedet
399 795 431 825 in
457 794 559 836 patris
587 795 727 837 dextera,

275 843 361 875 Deus
385 841 491 874 David
517 844 549 873 et
569 841 663 876 filius.

274 927 353 968 Ave,
382 927 469 958 cuius
493 927 526 958 in
549 926 608 959 filii

274 974 463 1006 Habitamus
489 975 535 1006 sic
559 975 635 1006 ovili

277 1021 366 1053 Sicut
388 1022 445 1053 illa
470 1022 670 1062 germanitas,

273 1069 372 1107 Quam
394 1069 477 1109 regit
500 1079 564 1101 una
588 1070 715 1102 caritas,

274 1154 354 1195 Ave,
381 1154 468 1185 cuius
492 1154 526 1185 in
549 1153 607 1186 filii

273 1201 492 1233 Inhabitamus
518 1201 618 1242 atriis,

274 1249 311 1280 In
335 1249 436 1288 ipsius
462 1249 588 1288 quando
613 1247 677 1281 fide

273 1295 451 1327 Dilatamur
477 1296 618 1329 caritate.

272 1381 353 1421 Ave,
379 1383 490 1420 mater,
515 1381 549 1412 in
574 1389 635 1420 qua
660 1380 746 1413 Deus

274 1428 335 1460 Est
359 1437 397 1460 ex
423 1429 498 1461 Sion
522 1428 719 1469 benedictus,

277 1476 335 1515 Qui
359 1476 483 1507 habitat
509 1476 706 1508 Hierusalem

276 1523 366 1554 Pacis
392 1523 511 1554 habens
536 1522 697 1555 visionem.

272 1608 352 1646 Ave,
381 1608 467 1639 0111113
492 1608 525 1639 111
549 1606 616 1639 filio

275 1654 466 1689 Confitemur
490 1655 574 1694 patri
599 1654 678 1695 Deo,

274 1702 426 1741 Quoniam
451 1702 488 1734 fit
510 1702 544 1733 in
569 1703 696 1734 saecula

274 1750 352 1782 Eius
377 1749 605 1781 misericordia.

271 1836 352 1877 Ave,
377 1838 465 1867 terra
487 1834 665 1876 benedicta,

274 1883 310 1915 In
339 1892 400 1923 qua
426 1885 571 1915 cantatur
597 1883 763 1920 canticum,

274 1931 364 1970 Quod
386 1931 419 1962 in
445 1934 531 1962 terra
556 1930 659 1962 aliena

275 1978 405 2010 Cantari
429 1987 491 2010 non
517 1980 566 2009 est
588 1977 720 2011 licitum.

272 2065 352 2104 Ave,
381 2064 468 2096 cuius
493 2064 535 2096 ad
559 2062 659 2095 filium

273 2112 334 2144 Dei
359 2112 461 2152 patris
488 2120 597 2144 verum
622 2111 783 2153 templum,

271 2161 372 2193 Prout
396 2160 497 2200 decet,
523 2159 702 2200 adoramus,

270 2208 355 2240 Dum
381 2208 547 2239 credentes
574 2205 768 2239 confitemur.

268 2285 348 2326 Ave,
374 2287 485 2328 mater,
514 2284 601 2315 cuius
625 2285 736 2323 partus

269 2333 307 2365 In
332 2333 451 2364 tumulo
479 2333 645 2372 soporatus

272 2380 361 2412 Sicut
387 2380 469 2412 diem
494 2381 618 2412 noctem
645 2377 731 2423 fecit,

274 2428 351 2460 Cum
378 2429 417 2460 de
438 2431 541 2461 morte
565 2428 749 2459 resurrexit.

868 254 922 285 39.

868 478 924 509 40.

869 702 922 734 41.

868 929 923 961 42.

869 1154 922 1186 43.

868 1381 924 1412 44.

868 1608 921 1640 45.

871 1835 926 1866 46.

869 2063 924 2095 47.

870 2283 925 2315 48.

949 253 1027 291 Ave,
1055 254 1140 285 cuius
1166 255 1214 285 est
1236 251 1296 284 filii

949 300 1044 332 Pater
1067 301 1167 332 virtus
1192 300 1351 343 salutaris,

948 346 1103 379 Habentis
1130 347 1321 379 desiderium

948 393 1015 425 Iam
1038 399 1165 426 nostrae
1185 394 1421 435 redemptionis,

949 477 1028 519 Ave,
1053 481 1164 521 mater,
1191 480 1278 512 cuius
1303 482 1412 520 partus

950 524 1040 556 Viam
1065 524 1142 557 fecit
1164 527 1342 568 singularis,

949 571 1058 603 Donec
1082 574 1205 613 peregit
1229 575 1393 615 transitus,

950 618 1068 656 Quibus
1094 621 1190 652 vitam
1217 621 1306 653 dedit
1329 621 1430 654 nobis.

949 703 1028 741 Ave,
1054 707 1165 746 mater,
1192 705 1277 737 cuius
1301 708 1426 745 partum

949 749 1187 789 Exspectabant
1209 761 1314 784 omnes
1340 753 1450 794 sancti,

950 796 1060 828 Donec
1084 802 1175 838 pater
1199 808 1295 839 genus
1320 803 1463 832 nostrum

950 843 1111 877 Retribuit
1137 847 1202 877 eius
1226 847 1329 880 morti.

949 929 1028 969 Ave,
1054 932 1155 961 mater
1178 931 1269 962 huius
1294 933 1413 971 partus,

952 975 1047 1008 Cuius
1071 986 1127 1008 nos
1154 977 1240 1009 ducit
1264 978 1393 1017 spiritus

951 1022 988 1054 In
1013 1025 1130 1055 terram
1155 1024 1363 1065 rectitudinis,

950 1069 1081 1101 Terram
1105 1072 1352 1103 resurrectionis.

950 1154 1028 1191 Ave,
1054 1157 1163 1198 mater,
1191 1156 1277 1187 cuius
1302 1158 1423 1195 partus,

948 1201 1032 1232 Dum
1056 1202 1188 1233 virtutes
1213 1201 1393 1242 fulguravit,

951 1247 1100 1280 infideles
1124 1250 1321 1289 principatus

952 1294 1015 1326 Sua
1037 1294 1102 1327 fide
1128 1296 1302 1336 dissipavit.

950 1380 1028 1422 Ave,
1055 1384 1165 1424 mater,
1193 1382 1279 1413 ouius
1304 1384 1415 1421 partus

950 1427 1135 1460 Laudabilis
1161 1432 1207 1460 est
1232 1429 1393 1469 Dominus,

951 1474 995 1505 Et
1017 1476 1243 1516 magnitudinis
1270 1476 1335 1507 eius

950 1522 1020 1553 Non
1056 1526 1104 1555 est
1135 1523 1206 1555 finis
1229 1532 1288 1555 nec
1312 1523 1472 1555 terminus.

949 1608 1027 1648 Ave,
1053 1612 1165 1650 mater,
1193 1609 1278 1640 cuius
1303 1611 1413 1648 partus

949 1654 1032 1686 Vere
1056 1656 1149 1688 solvit
1175 1656 1378 1696 compeditos,

950 1702 1029 1742 Quia
1052 1704 1120 1735 sola
1143 1703 1223 1735 fides
1250 1703 1315 1734 eius

951 1749 1113 1782 Illuminat
1135 1759 1210 1782 vere
1236 1759 1354 1782 caecos.

952 1834 1031 1874 Ave,
1057 1838 1168 1874 mater,
1196 1836 1281 1866 cuius
1306 1837 1415 1874 partus

951 1881 1114 1914 Illuminat
1138 1883 1348 1923 Hierusalem,

950 1928 1034 1960 Dum
1057 1929 1226 1963 clementer
1249 1939 1306 1961 nos
1332 1929 1373 1961 ad
1399 1929 1464 1961 eius

953 1975 1116 2010 Goadunat
1142 1978 1303 2010 visionem.

952 2063 1031 2103 Ave,
1056 2066 1167 2103 mater,
1196 2062 1282 2094 cuius
1308 2065 1433 2102 partum

950 2110 1076 2142 Laudat
1099 2111 1157 2142 illa
1180 2110 1379 2142 Hierusalem

949 2151 994 2190 Et
1017 2159 1156 2198 suspirat
1179 2158 1212 2189 in
1237 2161 1409 2198 aeternum,

952 2205 1045 2237 (hius
1070 2206 1148 2238 fines
1175 2205 1264 2238 dedit
1286 2213 1407 2245 pacem.

950 2282 1029 2322 Ave,
1055 2285 1165 2325 mater,
1194 2281 1280 2313 cuius
1305 2282 1434 2320 partum

950 2329 1002 2362 Ex
1028 2329 1136 2362 debita
1159 2329 1280 2362 iustitia

951 2377 1100 2409 Laudant
1125 2378 1208 2410 cives
1234 2376 1427 2419 angelorum,

950 2424 1075 2457 Laudat
1101 2426 1201 2457 omnis
1226 2426 1381 2456 creatura.
