1650 2612
661 134 915 174 0-213—-2

146 231 203 266 41.
230 230 312 272 Ave,
342 231 429 266 cuius
454 233 589 274 pedibus

276 280 442 319 splenduit
464 281 605 322 lucerna,

228 326 354 358 Lucens
380 328 413 359 in
440 329 629 360 caelestibus

275 374 346 405 luce
372 376 575 417 sempiterna,

227 421 369 460 Imperet
394 423 537 462 celerius,

277 468 324 499 uti
350 478 408 500 nos
433 472 567 509 paterna

231 515 318 555 Lege
342 525 455 556 regens
481 517 622 548 crebrius

278 568 403 595 serenet
427 564 561 596 interna.

146 639 204 671 42.
231 638 355 670 Praebe
380 639 583 679 adiutorium,

276 690 380 717 mater
404 686 569 728 adiutoris,

230 732 361 774 Suscipe
387 734 553 775 eloquium,

276 789 372 812 causa
396 780 479 820 quod
504 781 633 812 honoris

226 827 287 858 Tui
315 830 426 859 nostra
448 827 535 859 labia

271 877 429 914 promant,
455 883 547 906 sonos
572 875 646 915 oris,

225 921 271 954 Ut
294 921 353 953 tibi
378 921 529 960 obsequia

275 972 366 1009 grata
390 969 453 999 sint
478 968 604 999 amoris.

142 1045 199 1076 43.
225 1044 400 1075 Reddimus
426 1043 621 1083 obsequium,

271 1092 371 1130 virgo,
398 1090 457 1121 tibi
482 1090 586 1121 laudis

225 1137 403 1169 Secundum
427 1137 578 1168 iudicium

270 1185 422 1216 mentium
446 1193 503 1215 nos
527 1184 629 1219 audis.

222 1232 282 1271 Qui
306 1232 393 1263 nullo
418 1231 535 1262 iudicio

271 1278 342 1310 falli
365 1282 483 1318 queunt
507 1277 640 1318 fraudis,

223 1326 302 1357 Nam
329 1329 441 1366 patent
463 1326 504 1357 ad
530 1325 651 1357 aditum

270 1377 344 1404 tuae
369 1373 441 1412 piae
466 1381 569 1404 aures.

143 1451 198 1482 44.
224 1449 378 1481 Hortulus
404 1448 566 1488 ecclesiae,

271 1500 383 1535 patens
411 1495 482 1527 fons
507 1496 639 1535 signate,

225 1544 249 1576 Ο
276 1544 364 1583 virgo
391 1542 575 1581 catholicae,

271 1591 386 1630 spiritu
411 1595 532 1630 ornate,

226 1638 312 1676 Quae
337 1646 369 1668 es
393 1638 499 1669 lumen
526 1637 657 1675 animae,

274 1685 331 1717 sed
355 1685 560 1722 illuminatae,

226 1732 344 1764 Mentis
368 1735 497 1763 nostrae
520 1731 671 1763 tenebrae

274 1780 380 1811 lumen
404 1779 483 1811 fiant
507 1788 525 1810 a
549 1782 592 1812 te.

143 1859 199 1890 45.
226 1856 409 1888 Novitatem
435 1855 566 1895 gratiae,

273 1904 361 1944 virgo
386 1903 514 1943 munda,
542 1902 658 1941 datam,

223 1952 287 1984 Sed
311 1951 408 1983 nullis
433 1950 573 1982 iustitiae

269 1999 391 2030 meritis
418 1998 565 2030 collatam

222 2047 400 2088 Credimus,
426 2046 500 2077 hinc
526 2043 618 2076 effice

270 2094 385 2134 facque
408 2093 469 2126 tibi
494 2097 616 2133 gratam

219 2142 362 2175 Mentem
385 2141 565 2181 zelotypiae

269 2190 343 2231 igne
366 2188 603 2221 inflammatam.

140 2269 195 2301 46.
221 2267 246 2300 Ο
272 2270 401 2299 nostrae
425 2265 549 2298 vocatio

269 2323 327 2354 per
350 2317 393 2355 te,
420 2314 519 2356 virgo,
547 2312 649 2352 gentis

222 2362 333 2403 Facta,
357 2371 419 2402 qua
443 2360 607 2401 persuasio

268 2410 378 2442 intoxa
401 2409 559 2449 serpentis

828 454 882 486 47.

827 856 882 888 48.

823 1260 878 1291 49.

824 1667 878 1698 50.

824 2073 879 2106 51.

909 236 1007 277 Perit,
1036 237 1067 267 et
1090 231 1234 276 purgatio

956 283 1104 315 sordidae
1127 282 1164 314 fit
1187 281 1301 313 mentis

909 331 1014 370 Atque
1040 329 1211 362 declaratio

956 377 1109 409 sermonis
1132 376 1277 409 lucentis.

908 452 1082 484 Benedicta
1107 452 1229 484 viscera

954 499 1084 539 virginis
1108 499 1241 538 Mariae,

910 546 973 578 Ubi
998 546 1045 577 sic
1068 554 1103 577 se
1126 546 1231 577 mduit

959 593 1094 632 duplicis
1118 592 1205 623 usiae

911 639 1006 679 Gigas
1035 648 1123 670 arma
1148 639 1272 678 bellica,

955 689 990 717 ut
1016 689 1110 725 caput
1133 686 1243 718 ruinae

909 733 1043 765 Ratione
1065 736 1224 772 premeret

955 780 1080 811 humilis
1106 780 1245 819 sophiae.

908 855 1063 895 Insignita
1086 855 1186 886 titulis

955 902 1058 934 laudis
1083 905 1113 932 et
1138 910 1282 941 coronae,

910 949 1015 989 Virgo,
1041 952 1142 980 mater
1165 949 1329 988 principis,

955 996 1115 1035 principes
1139 996 1248 1027 dolose

908 1043 1138 1083 Persequentes
1162 1043 1243 1074 odiis

958 1090 997 1121 da
1020 1090 1137 1121 inertes
1162 1088 1241 1131 fore,

905 1136 955 1168 Ne
978 1137 1089 1168 horum
1112 1136 1238 1168 insidiis

952 1183 1113 1222 privemur
1134 1183 1263 1214 honore.

904 1260 984 1297 Ave,
1011 1257 1207 1289 fortitudinis

954 1306 1097 1345 singnum
1124 1309 1337 1344 conservatae,

906 1353 1084 1385 Potestates
1110 1353 1191 1384 aeris

953 1400 1059 1440 prives
1085 1403 1251 1441 potestate,

904 1448 953 1479 Ne
977 1448 1114 1487 pastoris
1139 1447 1276 1478 humeris

951 1504 1025 1526 oves
1052 1497 1232 1534 reportatae

903 1542 1042 1574 Pereant
1066 1542 1213 1574 ludibriis

952 1589 1063 1621 harum
1087 1589 1228 1621 vitiatae.

904 1666 984 1706 Ave,
1009 1665 1213 1696 militantium

952 1721 1032 1752 quae
1061 1715 1126 1744 stas
1150 1712 1184 1743 in
1209 1721 1309 1752 agone

907 1759 1050 1802 certans,
1077 1759 1338 1798 triumphantium

950 1807 1076 1838 inhians
1101 1815 1245 1850 coronae,

906 1853 959 1885 Sic
986 1854 1176 1886 desolatorio

950 1910 1008 1933 ure
1031 1910 1088 1932 nos
1113 1901 1259 1943 carbone,

904 1948 961 1981 Uti
985 1949 1138 1980 amatorio

951 1994 1118 2036 flagremus
1147 2005 1264 2028 amore.

905 2073 985 2113 Ave,
1010 2073 1085 2104 luna
1106 2073 1256 2112 noctium,

952 2121 992 2152 de
1016 2129 1078 2160 qua
1102 2120 1150 2153 sol
1176 2120 1239 2152 diei

904 2168 1040 2208 Prodiit‚
1065 2168 1229 2201 innoxium

952 2214 1004 2247 fac
1028 2224 1078 2246 me
1105 2216 1186 2247 dono
1211 2215 1282 2256 De1,

905 2263 955 2295 Ne
980 2271 1030 2294 me
1053 2266 1125 2294 urat
1150 2263 1272 2305 vitium,

954 2311 1011 2343 sed
1036 2311 1078 2343 ad
1096 2311 1217 2351 requiei

905 2359 1048 2391 Tendam
1072 2357 1271 2399 refrigerium

952 2416 1028 2439 suae
1051 2405 1155 2442 faciei,
