1650 2612
678 131 933 166 —169—

464 222 555 258 Virgo
576 227 686 258 sancta,
707 228 822 262 suscipe
841 227 946 253 mentis
967 227 998 253 in
1016 224 1145 253 conclavi

460 259 568 295 Verba,
591 265 694 298 quibus
714 265 822 292 totiens
843 265 958 290 veniam
977 264 1087 300 rogavi,

460 298 501 326 Et
523 300 621 328 audito
643 303 760 337 saepius
782 303 877 329 animo
899 303 982 328 suavi

459 336 521 364 Fac
543 346 598 371 me,
619 347 738 375 quaeso,
757 340 882 367 liberum
902 348 1030 374 pressum
1050 346 1069 365 a
1087 346 1143 365 vae
1160 338 1252 373 gravi.

460 383 551 420 Virgo
575 386 740 422 singularis,
762 388 874 421 sespice
895 386 972 421 quod
995 393 1110 421 quaero,

459 421 517 448 Per
537 424 573 456 te,
596 423 682 451 stella
699 425 798 457 maris,
820 424 925 451 veniae
942 432 1022 459 spem
1041 431 1119 459 gero,

459 458 554 486 Ianua
573 461 685 493 salutis,
707 461 745 488 ad
766 464 795 489 te
817 469 939 497 propero

459 496 500 523 Et
519 497 683 533 fragmenta
701 499 863 527 iuventutis
884 499 939 526 tibi
960 498 1057 526 offero.

459 534 524 562 Iam
543 537 704 570 considero,
725 537 795 573 quid
814 539 878 569 sim,
902 539 932 564 et
951 544 1085 573 agnosco,

459 572 545 600 Unde
564 574 633 601 licet
652 582 716 601 sero
736 576 852 602 veniam
873 574 1004 610 deposco.

461 611 516 637 Per
535 612 565 638 te
584 614 692 647 petel-0,
715 612 791 647 quod
812 612 951 643 desidero.

465 648 561 684 Virgo,
582 657 655 684 quae
676 650 787 677 sincero
808 650 889 686 paris
909 653 999 682 utero,

458 686 538 713 Tuus
559 695 622 714 sum
644 689 672 715 et
693 696 750 721 ero,

459 723 505 751 De
523 726 554 751 te
572 733 633 751 non
652 724 783 760 despero,

555 762 703 799 Quidquid
724 771 818 799 egero.

230 817 255 844 A
277 816 329 844 hat
348 817 496 853 folgendes
516 818 701 846 Prooemium
723 828 760 846 zu
779 820 887 847 diesem
908 819 1037 847 Psalter:

459 865 599 901 Quisquis
620 867 676 894 hoc
694 867 864 902 psalterium
886 867 984 893 sobrie
1004 870 1033 894 et
1051 867 1102 900 pie

455 904 492 931 In
513 903 652 932 honorem
671 905 795 940 virginis
815 912 986 939 semperque
1005 904 1117 931 Mariae

457 941 647 969 Deeantando
669 942 784 969 sabbati
805 941 918 977 perficis
939 943 970 968 in
990 942 1046 974 die,

457 978 544 1006 Vitae
564 980 618 1007 tibi
638 981 729 1007 ianua
749 983 778 1006 et
799 979 873 1007 caeli
893 978 1055 1014 pate(bu)nt
1073 980 1148 1005 viae.

458 1026 672 1061 scripturarum
693 1028 827 1061 paginae,
848 1027 873 1053 si
895 1026 965 1061 quid
988 1027 1097 1053 habent
1115 1027 1186 1058 veri,

455 1063 570 1091 Poteris
590 1064 646 1091 hoc
665 1065 793 1091 carmine
812 1065 937 1100 gratiam
958 1064 1070 1095 mereri,

456 1101 533 1133 Quia
553 1102 637 1138 virgo
656 1102 805 1137 virg-inum
825 1102 961 1137 dignatur
979 1101 1096 1133 intueri,

456 1138 621 1175 Diligentes
645 1147 744 1166 omnes
765 1148 796 1166 se
817 1141 920 1174 potens
943 1142 987 1166 est
1006 1139 1090 1166 tueri.

456 1186 567 1214 Saltem
588 1186 675 1213 breve
695 1186 802 1221 deputa
821 1187 948 1222 spatium
968 1186 1035 1219 diei,

455 1224 593 1251 Promere
613 1224 755 1258 obsequia
773 1225 929 1260 genetricis
950 1224 1015 1257 Dei,

454 1261 494 1289 Et
513 1261 612 1288 dulces
632 1261 686 1288 has
706 1261 799 1288 iubilo
819 1261 921 1288 laudes
943 1261 1012 1288 offer
1032 1262 1067 1294 ei,

453 1299 495 1327 Ut
513 1302 542 1326 te
561 1299 628 1326 luce
648 1300 735 1326 satiet
756 1307 826 1327 suae
846 1300 960 1332 speciei.

455 1347 497 1375 Ut
519 1346 554 1373 de
573 1355 636 1373 meo
658 1347 785 1373 carmine
804 1354 915 1373 merear
935 1347 1068 1382 gaudere,

455 1385 528 1412 Dico
549 1386 631 1420 virgo
652 1384 807 1420 virginum,
828 1383 942 1411 Alber
950 1386 979 1411 ti
999 1392 1142 1418 miserere,

453 1423 501 1450 Da
519 1421 550 1448 id
571 1430 635 1449 eum
656 1422 752 1457 operis
772 1424 896 1457 pretium
917 1421 1033 1456 habere,

453 1459 546 1487 Tuam
567 1461 631 1487 sine
651 1461 774 1487 termino
795 1460 899 1487 faciem
919 1460 1027 1488 videre.

458 1508 513 1540 Qui
535 1507 690 1542 prudenter
711 1509 807 1542 operis
827 1507 914 1534 huius
934 1508 994 1534 vim
1015 1508 1168 1543 perpendit

455 1544 496 1572 Et
515 1546 577 1571 eius
598 1545 757 1578 materiam,
781 1545 858 1572 unde
878 1546 924 1579 sit,
946 1545 1078 1580 attendit,

454 1582 487 1610 Si
507 1591 558 1617 per
577 1583 704 1618 psalmos
725 1583 856 1619 singulos
878 1583 979 1610 ordine
998 1583 1154 1618 descendit,

453 1620 556 1647 Totam
578 1621 613 1647 de
631 1620 769 1656 psalterio
790 1628 932 1648 summam
954 1620 1150 1657 deprehendit.

230 1676 372 1703 Dasselbe
382 1677 565 1704 Prooemium
586 1677 684 1705 bieten
705 1677 778 1704 auch
792 1678 860 1712 DE3
881 1677 931 1704 der
944 1678 1036 1706 Name
1050 1678 1187 1706 Albertus
1207 1678 1236 1711 4,
1251 1676 1269 1704 2
1293 1678 1345 1706 hat
1364 1680 1455 1707 offen-

151 1715 205 1742 bar
225 1714 272 1742 die
292 1714 512 1749 Vcranlassung
530 1715 669 1751 gegeben,
693 1715 756 1742 dass
777 1715 837 1743 dies
858 1715 1032 1742 Psalterium
1053 1716 1157 1743 Albert
1176 1717 1238 1743 dom
1262 1716 1384 1744 Grossen
1404 1726 1453 1743 zu-

151 1752 342 1789 geschrieben
362 1753 475 1787 wurde3
496 1760 528 1779 so
548 1753 579 1779 in
604 1753 667 1779 DE:
687 1752 864 1780 Psalterium
878 1753 981 1780 beatae
993 1754 1106 1781 Mariae
1125 1755 1260 1790 virginis,
1285 1754 1395 1782 editum
1415 1755 1451 1782 ab

151 1791 299 1818 Alberto
321 1798 454 1826 magno.
490 1790 658 1818 Prolovutio
672 1790 774 1825 Magni
787 1791 900 1818 Alberti
913 1792 945 1818 in
960 1792 1131 1826 psalterium
1146 1800 1270 1828 sequens
1285 1792 1322 1819 E.
1355 1793 1454 1821 Allein

151 1837 182 1856 es
210 1828 288 1855 steht
310 1828 393 1855 nicht
416 1829 488 1859 fest,
520 1828 641 1855 weleher
660 1828 796 1856 Albertus
821 1828 885 1856 sich
914 1828 977 1856 hier
996 1832 1099 1862 neunt,
1117 1829 1149 1864 ja
1169 1829 1250 1857 nicht
1272 1832 1394 1861 einmal‚
1416 1831 1452 1858 ob

147 1867 231 1901 jenes
246 1867 431 1895 Prooemium
449 1866 652 1901 urspriinglich
674 1874 709 1892 zu
729 1866 838 1893 diesem
851 1866 1026 1894 Psalterium
1040 1867 1153 1902 gehiirt,
1171 1877 1229 1895 von
1240 1867 1304 1895 dem
1321 1877 1351 1895 es
1371 1870 1456 1897 iiber-

151 1905 213 1932 dies
238 1902 440 1932 versmasslich
466 1904 621 1936 abweicht3
651 1904 676 1932 A
704 1906 877 1940 wenigstens
906 1905 1019 1932 scheint
1038 1905 1172 1933 dasselbe
1191 1914 1256 1933 zum
1277 1906 1454 1935 Psalterium

151 1952 173 1971 s.
187 1944 411 1971 Bonaventurae
431 1952 468 1969 zu
489 1942 637 1975 beziehen,
658 1942 695 1969 da
716 1950 746 1969 es
767 1942 900 1970 dasselbe
920 1945 972 1970 mit
993 1943 1049 1971 den
1064 1943 1187 1971 Worten
1208 1944 1352 1971 einleitet:
1373 1946 1456 1972 adice

150 1981 187 2009 ad
214 1980 390 2017 praecedens
417 1981 602 2017 psalterium3
631 1980 725 2007 dieses
751 1981 821 2008 aber
847 1981 887 2008 ist
906 1980 957 2008 das
980 1982 1207 2009 Bonaventuras.
1249 1982 1363 2010 Andere
1384 1984 1454 2011 Hss.

148 2020 328 2048 bezeichnen
348 2018 494 2055 Augustin
520 2018 564 2045 als
584 2018 749 2052 Verfasser3
775 2027 807 2045 so
827 2019 865 2046 B:
889 2019 1014 2055 „Incipit
1041 2020 1179 2056 prologus
1196 2021 1275 2048 beati
1295 2021 1454 2057 Augustini

150 2066 238 2094 super
257 2057 428 2093 psalterium
450 2057 554 2084 beatae
567 2057 679 2083 Mariae
698 2055 848 2092 virginis.“
884 2057 948 2084 Den
968 2058 1083 2085 wahren
1097 2058 1250 2086 Verfasser
1269 2059 1454 2092 bezeichnen,

148 2097 204 2124 wie
225 2104 254 2123 es
276 2095 398 2129 scheint‚
419 2095 513 2123 FGH:
538 2095 664 2130 „Incipit
682 2094 852 2129 psalterium
869 2094 972 2123 beatae
985 2097 1099 2124 Mariae
1119 2098 1243 2132 virginis
1267 2105 1319 2132 per
1338 2098 1455 2125 modum

149 2134 352 2166 salutationis,
383 2133 573 2168 compilatum
598 2141 650 2169 per
674 2132 895 2168 Magistrum
922 2132 1146 2170 Stephanum
1173 2132 1453 2163 Parisiensem.“

150 2172 209 2200 ΕΘΓ.
230 2187 268 2192 -
288 2172 380 2208 „Item
399 2172 448 2199 hic
467 2172 613 2206 incipiunt
630 2170 822 2198 salutationes
836 2171 993 2199 secundum
1008 2172 1138 2200 ordinem
1153 2174 1337 2209 psalmorum,
1360 2174 1456 2201 editae

151 2218 170 2237 a
188 2210 351 2238 venerabili
373 2211 405 2236 in
420 2207 535 2237 Christo
557 2211 648 2244 patre,
667 2209 806 2244 mag-istro
820 2209 1014 2244 Stephano,
1029 2210 1296 2239 Cantuariensi
1310 2212 1454 2240 archie-

150 2250 320 2285 piscopo,
360 2249 391 2275 in
423 2248 564 2275 honorem
595 2248 698 2275 beatae
723 2246 836 2275 Mariae
868 2255 981 2282 semper
1019 2249 1142 2285 virginis
1176 2248 1387 2277 venerandae.“
1415 2250 1455 2277 Η.

150 2287 252 2314 Damit
271 2288 311 2315 ist
324 2285 453 2322 Stephen
465 2285 621 2321 Langthon
632 2284 864 2321 (Linguatonus),
882 2285 1000 2314 Pariser
1012 2287 1149 2322 Kanzler,
1166 2287 1309 2315 Kardinal
1324 2290 1376 2315 mit
1390 2289 1455 2316 dem

149 2325 227 2352 Titel
248 2325 277 2352 S.
294 2323 475 2361 Chrysogoni
495 2323 555 2350 und
568 2323 746 2351 Erzbischof
760 2332 819 2351 von
832 2324 1014 2360 Canterbury
1032 2322 1240 2359 (1207—1228)
1261 2327 1396 2362 gemeint.
1417 2340 1454 2345 —

223 2364 284 2390 Ein
304 2363 425 2390 anderes
438 2363 622 2390 Prooemium
642 2362 740 2389 bieten
753 2362 946 2390 BCDIKMN:
966 2363 1077 2399 Incipit
1095 2364 1233 2401 prologus
1247 2364 1327 2392 beati
1341 2364 1454 2402 Augus·

148 2403 206 2432 tini
225 2410 311 2437 super
331 2401 508 2429 Psalterium
531 2401 634 2428 beatae
653 2400 766 2428 Mariae
785 2400 917 2438 Virginis
938 2399 999 2437 (B):
