1650 2612
373 213 428 249 19.

370 431 428 464 20.

371 655 426 688 21.

369 882 425 916 22.

370 1107 425 1139 23.

367 1333 421 1365 24.

364 1559 420 1591 25.

363 1785 419 1816 26.

362 2012 418 2043 27.

361 2240 416 2272 28.

729 120 989 156 —109—

454 216 534 257 Ave,
559 215 643 257 Iesu,
670 217 723 256 qui
747 217 781 248 in
807 216 893 248 caelo
918 220 1026 249 sancto
1052 217 1155 257 sedes,

453 262 546 301 Vide,
573 271 699 302 quaeso,
726 265 859 303 quantas
883 263 936 295 hic
958 265 1097 303 patimur
1123 264 1246 305 caedeS,

451 309 497 340 Et
522 309 562 341 de
586 308 672 349 Sion,
698 312 809 342 sancta
831 312 886 342 tua
911 311 1049 352 civitate,

453 355 549 387 Salva
572 364 630 387 nos
656 366 675 387 a
699 357 854 389 malorum
878 357 1053 398 iniquitate,

452 430 533 473 Ave,
560 430 642 474 Iesu,
670 432 723 471 qui
748 441 805 465 nos
829 434 1023 471 praevenisti

452 478 491 510 In
514 478 738 511 benedictione
764 479 901 519 caelesti,

453 525 571 564 Vitam,
599 534 724 566 quaeso,
753 526 794 558 da
818 528 851 557 te
874 527 1068 571 petentibus,

455 573 553 611 Quam
580 574 735 613 optamus,
763 582 829 605 eum
856 575 974 606 sanctis
1000 574 1154 607 omnibus.

452 656 532 697 Ave,
559 655 643 698 Iesu,
668 665 728 698 per
753 665 844 697 quem
868 658 970 690 nostri
994 661 1101 698 patres

452 703 657 734 Desertorum
684 712 813 736 evasere
837 712 960 744 vepres,

450 750 624 790 Memento,
651 751 735 789 quod
760 751 818 782 sim
844 751 970 790 vermis,
997 759 1058 783 non
1083 750 1176 782 homo

452 796 496 827 Et
520 805 578 837 pro
603 798 636 828 te
660 795 764 829 faetus
791 796 831 829 de
855 798 912 829 vili
936 798 1021 832 limo.

450 882 529 925 Ave,
557 880 639 922 Iesu,
666 881 786 913 animas
812 882 865 921 qui
890 882 1056 921 convertis,

450 928 564 960 Deduc
590 937 641 959 me
665 929 698 959 in
722 928 863 960 iustitiae
888 929 1008 960 semitis

449 975 494 1006 Et
519 974 599 1007 educ
625 975 665 1007 de
688 976 792 1007 medio
817 975 949 1007 umbrae
972 977 1083 1007 mortis

451 1021 565 1062 Sisque
589 1022 667 1053 mihi
690 1022 824 1054 baculus
846 1022 1028 1054 iuventutis.

452 1106 532 1146 Ave,
558 1103 643 1147 Iesu,
670 1106 722 1146 qui
748 1105 859 1137 fractis
882 1105 999 1137 inferni
1024 1106 1126 1146 portis

451 1153 582 1185 Patrum
607 1153 728 1184 animas
754 1155 789 1185 tu
814 1153 856 1185 ad
880 1157 1006 1192 portum
1031 1153 1142 1185 salutis

448 1200 529 1232 Inde
554 1200 703 1239 eripiens,
730 1201 771 1232 ad
797 1200 918 1232 caelum
942 1201 1058 1232 vexisti

447 1247 575 1287 Easque
600 1248 707 1287 cupita
732 1247 835 1288 gloria
862 1248 1004 1287 replesti.

450 1332 527 1363 Vias
550 1333 621 1363 tuas
643 1332 730 1375 mihi,
759 1331 902 1374 Domine,
933 1332 1115 1363 demonstra

447 1379 493 1411 Et
516 1378 645 1410 semitas
671 1379 760 1419 doce,
788 1387 868 1419 quae
892 1388 954 1410 non
979 1379 1098 1411 habent
1122 1381 1275 1418 monstra,

447 1426 579 1458 Talibus
605 1435 741 1466 namque
766 1426 953 1466 pervenitur
977 1426 1019 1458 ad
1044 1427 1140 1468 astra,

446 1474 484 1505 In
510 1472 622 1513 quibus
649 1474 808 1513 propheta
832 1473 916 1504 vidit
937 1473 999 1504 Dei
1025 1475 1138 1505 castra.

447 1558 527 1597 Ave,
553 1557 638 1598 Iesu,
666 1558 829 1590 consilinm
854 1558 1006 1590 vanitatis

446 1604 490 1636 Et
516 1604 683 1636 ecelesiam
708 1606 819 1636 nolens
844 1605 1061 1646 malignitatis,

446 1651 689 1683 Haereticorum
715 1654 750 1682 tu
774 1651 857 1691 fugis
883 1652 1046 1693 malitiam,

448 1699 549 1731 Tuam
575 1698 628 1738 qui
653 1698 762 1730 volunt
790 1699 937 1730 deserere
961 1700 1138 1732 ecclesiam.

446 1784 527 1825 Ave,
552 1782 635 1822 Iesu,
663 1782 751 1814 cuius
777 1784 826 1814 est
849 1781 948 1814 facies
975 1783 1099 1821 decora,

445 1831 497 1863 Ne
521 1834 553 1862 te
578 1832 685 1861 vertas
711 1839 730 1861 a
754 1839 805 1861 me
829 1838 888 1861 nec
915 1830 1054 1861 declines
1079 1830 1113 1861 in
1137 1830 1187 1861 ira

446 1879 477 1910 A
503 1877 629 1910 servulo
654 1880 718 1915 tuo,
746 1877 800 1917 qui
823 1879 856 1907 te
883 1877 970 1916 eupit
994 1877 1104 1909 videre

445 1926 489 1958 Et
515 1934 611 1964 super
635 1933 775 1957 mensam
800 1933 870 1956 cum
895 1925 1014 1956 sanctis
1039 1924 1101 1957 tuis
1127 1925 1295 1964 prandere.

443 2011 524 2051 Ave,
553 2010 693 2041 salvator
717 2011 835 2049 noster,
865 2008 948 2041 bone
971 2010 1053 2054 Iesu,

443 2058 498 2091 Ad
523 2059 666 2090 sanctum
691 2057 843 2098 templum
870 2057 957 2088 cuius
982 2059 1048 2089 toto
1073 2057 1145 2089 nisu

446 2106 523 2138 Cum
549 2113 645 2145 prece
669 2114 781 2136 manus
805 2103 928 2136 iunctas
955 2105 1143 2143 extollimus,

444 2154 511 2193 Quo
538 2153 585 2185 sic
610 2152 751 2184 solamen
778 2152 926 2191 consequi
948 2153 1114 2191 possimus,

443 2239 509 2271 Per
536 2238 661 2270 dolores
687 2239 758 2268 tuos
783 2239 848 2269 tam
873 2236 1003 2269 acerbos

441 2287 534 2319 Tolle
559 2285 676 2316 mentis
700 2293 791 2316 meae
815 2292 921 2315 omnes
947 2285 1084 2327 morbos,

439 2334 485 2367 Ut
509 2336 597 2365 tuam
623 2332 754 2373 gloriam
782 2335 814 2363 et
838 2332 987 2363 honorem

438 2381 574 2414 Summis
598 2380 728 2412 tandem
753 2378 901 2411 laudibus
928 2379 1064 2413 efferam.
