<?xml version="1.0" encoding="UTF-8"?>
<!DOCTYPE html PUBLIC "-//W3C//DTD XHTML 1.0 Transitional//EN"
    "http://www.w3.org/TR/xhtml1/DTD/xhtml1-transitional.dtd">
<html xmlns="http://www.w3.org/1999/xhtml" xml:lang="en" lang="en">
 <head>
  <title>
</title>
<meta http-equiv="Content-Type" content="text/html;charset=utf-8" />
  <meta name='ocr-system' content='tesseract 3.04.00' />
  <meta name='ocr-capabilities' content='ocr_page ocr_carea ocr_par ocr_line ocrx_word'/>
</head>
<body>
  <div class='ocr_page' id='page_1' title='image "./analectahymnica35drevuoft_00209.png"; bbox 0 0 1650 2612; ppageno 0'>
   <div class='ocr_carea' id='block_1_1' title="bbox 176 191 231 223">
    <p class='ocr_par' dir='ltr' id='par_1_1' title="bbox 176 191 231 223">
     <span class='ocr_line' id='line_1_1' title="bbox 176 191 231 223; baseline -0.036 0"><span class='ocrx_word' id='word_1_1' title='bbox 176 191 231 223; x_wconf 71' lang='lat'>14.</span> 
     </span>
    </p>
   </div>
   <div class='ocr_carea' id='block_1_2' title="bbox 178 593 231 623">
    <p class='ocr_par' dir='ltr' id='par_1_2' title="bbox 178 593 231 623">
     <span class='ocr_line' id='line_1_2' title="bbox 178 593 231 623; baseline 0 0"><span class='ocrx_word' id='word_1_2' title='bbox 178 593 231 623; x_wconf 88' lang='lat'>15.</span> 
     </span>
    </p>
   </div>
   <div class='ocr_carea' id='block_1_3' title="bbox 180 994 235 1027">
    <p class='ocr_par' dir='ltr' id='par_1_3' title="bbox 180 994 235 1027">
     <span class='ocr_line' id='line_1_3' title="bbox 180 994 235 1027; baseline 0 -1"><span class='ocrx_word' id='word_1_3' title='bbox 180 994 235 1027; x_wconf 90' lang='lat'>16.</span> 
     </span>
    </p>
   </div>
   <div class='ocr_carea' id='block_1_4' title="bbox 184 1398 239 1429">
    <p class='ocr_par' dir='ltr' id='par_1_4' title="bbox 184 1398 239 1429">
     <span class='ocr_line' id='line_1_4' title="bbox 184 1398 239 1429; baseline -0.018 0"><span class='ocrx_word' id='word_1_4' title='bbox 184 1398 239 1429; x_wconf 83' lang='lat'>17.</span> 
     </span>
    </p>
   </div>
   <div class='ocr_carea' id='block_1_5' title="bbox 182 1801 235 1833">
    <p class='ocr_par' dir='ltr' id='par_1_5' title="bbox 182 1801 235 1833">
     <span class='ocr_line' id='line_1_5' title="bbox 182 1801 235 1833; baseline 0 0"><span class='ocrx_word' id='word_1_5' title='bbox 182 1801 235 1833; x_wconf 84' lang='lat'>18.</span> 
     </span>
    </p>
   </div>
   <div class='ocr_carea' id='block_1_6' title="bbox 186 2207 239 2238">
    <p class='ocr_par' dir='ltr' id='par_1_6' title="bbox 186 2207 239 2238">
     <span class='ocr_line' id='line_1_6' title="bbox 186 2207 239 2238; baseline -0.075 1"><span class='ocrx_word' id='word_1_6' title='bbox 186 2207 239 2238; x_wconf 82' lang='lat'>19.</span> 
     </span>
    </p>
   </div>
   <div class='ocr_carea' id='block_1_7' title="bbox 256 190 616 548">
    <p class='ocr_par' dir='ltr' id='par_1_7' title="bbox 256 190 616 548">
     <span class='ocr_line' id='line_1_7' title="bbox 257 190 519 229; baseline -0.004 -8"><span class='ocrx_word' id='word_1_7' title='bbox 257 192 336 229; x_wconf 76' lang='lat' dir='ltr'>Ave,</span> <span class='ocrx_word' id='word_1_8' title='bbox 361 190 519 229; x_wconf 71' lang='lat' dir='ltr'>generatio</span> 
     </span>
     <span class='ocr_line' id='line_1_8' title="bbox 302 236 564 275; baseline -0.008 -7"><span class='ocrx_word' id='word_1_9' title='bbox 302 236 564 275; x_wconf 72' lang='lat' dir='ltr'>Hierosolymina,</span> 
     </span>
     <span class='ocr_line' id='line_1_9' title="bbox 258 282 565 322; baseline -0.013 -6"><span class='ocrx_word' id='word_1_10' title='bbox 258 284 352 316; x_wconf 87' lang='lat' dir='ltr'>Cuius</span> <span class='ocrx_word' id='word_1_11' title='bbox 377 282 565 322; x_wconf 71' lang='lat' dir='ltr'>expugnatio</span> 
     </span>
     <span class='ocr_line' id='line_1_10' title="bbox 302 329 616 367; baseline -0.006 -6"><span class='ocrx_word' id='word_1_12' title='bbox 302 330 361 361; x_wconf 87' lang='lat' dir='ltr'>Dei</span> <span class='ocrx_word' id='word_1_13' title='bbox 388 333 436 361; x_wconf 79' lang='lat' dir='ltr'>est</span> <span class='ocrx_word' id='word_1_14' title='bbox 458 337 535 367; x_wconf 84' lang='lat' dir='ltr'>prae</span> <span class='ocrx_word' id='word_1_15' title='bbox 558 329 616 367; x_wconf 85' lang='lat' dir='ltr'>ira,</span> 
     </span>
     <span class='ocr_line' id='line_1_11' title="bbox 256 375 525 408; baseline -0.007 0"><span class='ocrx_word' id='word_1_16' title='bbox 256 377 324 408; x_wconf 82' lang='lat' dir='ltr'>Tua</span> <span class='ocrx_word' id='word_1_17' title='bbox 347 375 525 408; x_wconf 84' lang='lat' dir='ltr'>recordatio</span> 
     </span>
     <span class='ocr_line' id='line_1_12' title="bbox 304 422 545 456; baseline -0.008 -2"><span class='ocrx_word' id='word_1_18' title='bbox 304 423 358 454; x_wconf 87' lang='lat' dir='ltr'>fiat</span> <span class='ocrx_word' id='word_1_19' title='bbox 380 422 545 456; x_wconf 77' lang='lat' dir='ltr'>medicina,</span> 
     </span>
     <span class='ocr_line' id='line_1_13' title="bbox 257 469 520 501; baseline -0.008 0"><span class='ocrx_word' id='word_1_20' title='bbox 257 470 353 501; x_wconf 83' lang='lat' dir='ltr'>Facie</span> <span class='ocrx_word' id='word_1_21' title='bbox 376 473 412 500; x_wconf 84' lang='lat' dir='ltr'>ut</span> <span class='ocrx_word' id='word_1_22' title='bbox 435 469 520 500; x_wconf 83' lang='lat' dir='ltr'>natio</span> 
     </span>
     <span class='ocr_line' id='line_1_14' title="bbox 303 515 582 548; baseline 0 0"><span class='ocrx_word' id='word_1_23' title='bbox 303 517 478 548; x_wconf 80' lang='lat' dir='ltr'>debelletur</span> <span class='ocrx_word' id='word_1_24' title='bbox 502 515 582 548; x_wconf 79' lang='lat' dir='ltr'>dira.</span> 
     </span>
    </p>
   </div>
   <div class='ocr_carea' id='block_1_8' title="bbox 257 589 733 950">
    <p class='ocr_par' dir='ltr' id='par_1_8' title="bbox 257 589 733 950">
     <span class='ocr_line' id='line_1_15' title="bbox 258 589 622 630; baseline -0.005 -8"><span class='ocrx_word' id='word_1_25' title='bbox 258 593 336 630; x_wconf 63' lang='lat' dir='ltr'>Ave,</span> <span class='ocrx_word' id='word_1_26' title='bbox 363 599 442 629; x_wconf 87' lang='lat' dir='ltr'>quae</span> <span class='ocrx_word' id='word_1_27' title='bbox 466 589 622 629; x_wconf 86' lang='lat' dir='ltr'>angelicos</span> 
     </span>
     <span class='ocr_line' id='line_1_16' title="bbox 304 636 677 677; baseline -0.008 -8"><span class='ocrx_word' id='word_1_28' title='bbox 304 638 395 669; x_wconf 87' lang='lat' dir='ltr'>sedes</span> <span class='ocrx_word' id='word_1_29' title='bbox 420 646 515 677; x_wconf 87' lang='lat' dir='ltr'>super</span> <span class='ocrx_word' id='word_1_30' title='bbox 539 636 677 676; x_wconf 82' lang='lat' dir='ltr'><strong>thronos,</strong></span> 
     </span>
     <span class='ocr_line' id='line_1_17' title="bbox 257 682 645 722; baseline -0.008 -6"><span class='ocrx_word' id='word_1_31' title='bbox 257 685 425 716; x_wconf 87' lang='lat' dir='ltr'>lntendens</span> <span class='ocrx_word' id='word_1_32' title='bbox 451 682 645 722; x_wconf 69' lang='lat' dir='ltr'>hymnificos,</span> 
     </span>
     <span class='ocr_line' id='line_1_18' title="bbox 306 731 733 771; baseline -0.009 -8"><span class='ocrx_word' id='word_1_33' title='bbox 306 740 382 770; x_wconf 90' lang='lat' dir='ltr'>quos</span> <span class='ocrx_word' id='word_1_34' title='bbox 409 731 604 771; x_wconf 84' lang='lat' dir='ltr'>depromunt,</span> <span class='ocrx_word' id='word_1_35' title='bbox 631 738 733 769; x_wconf 81' lang='lat' dir='ltr'>sonOS,</span> 
     </span>
     <span class='ocr_line' id='line_1_19' title="bbox 258 776 581 810; baseline -0.006 0"><span class='ocrx_word' id='word_1_36' title='bbox 258 779 363 810; x_wconf 82' lang='lat' dir='ltr'>Trahe</span> <span class='ocrx_word' id='word_1_37' title='bbox 386 778 428 809; x_wconf 71' lang='lat' dir='ltr'>ad</span> <span class='ocrx_word' id='word_1_38' title='bbox 454 776 581 808; x_wconf 84' lang='lat' dir='ltr'>deificos</span> 
     </span>
     <span class='ocr_line' id='line_1_20' title="bbox 306 823 675 864; baseline -0.008 -8"><span class='ocrx_word' id='word_1_39' title='bbox 306 827 451 856; x_wconf 80' lang='lat' dir='ltr'>cantuum</span> <span class='ocrx_word' id='word_1_40' title='bbox 474 833 531 855; x_wconf 89' lang='lat' dir='ltr'>nos</span> <span class='ocrx_word' id='word_1_41' title='bbox 555 823 675 864; x_wconf 86' lang='lat' dir='ltr'>modos,</span> 
     </span>
     <span class='ocr_line' id='line_1_21' title="bbox 258 870 645 906; baseline -0.01 -2"><span class='ocrx_word' id='word_1_42' title='bbox 258 873 302 905; x_wconf 84' lang='lat' dir='ltr'>Ut</span> <span class='ocrx_word' id='word_1_43' title='bbox 329 871 498 903; x_wconf 82' lang='lat' dir='ltr'>concordes</span> <span class='ocrx_word' id='word_1_44' title='bbox 521 870 645 906; x_wconf 85' lang='lat' dir='ltr'>iubilos,</span> 
     </span>
     <span class='ocr_line' id='line_1_22' title="bbox 306 919 646 950; baseline -0.006 0"><span class='ocrx_word' id='word_1_45' title='bbox 306 919 390 950; x_wconf 79' lang='lat' dir='ltr'>vitae</span> <span class='ocrx_word' id='word_1_46' title='bbox 416 919 523 949; x_wconf 83' lang='lat' dir='ltr'>demus</span> <span class='ocrx_word' id='word_1_47' title='bbox 548 920 646 948; x_wconf 69' lang='lat' dir='ltr'>tonos</span> 
     </span>
    </p>
   </div>
   <div class='ocr_carea' id='block_1_9' title="bbox 259 992 642 1352">
    <p class='ocr_par' dir='ltr' id='par_1_9' title="bbox 259 992 642 1352">
     <span class='ocr_line' id='line_1_23' title="bbox 260 992 627 1036; baseline -0.005 -11"><span class='ocrx_word' id='word_1_48' title='bbox 260 995 339 1036; x_wconf 77' lang='lat' dir='ltr'>Ave,</span> <span class='ocrx_word' id='word_1_49' title='bbox 366 1002 445 1032; x_wconf 84' lang='lat' dir='ltr'>quae</span> <span class='ocrx_word' id='word_1_50' title='bbox 469 1001 507 1023; x_wconf 86' lang='lat' dir='ltr'>ex</span> <span class='ocrx_word' id='word_1_51' title='bbox 532 992 627 1032; x_wconf 85' lang='lat' dir='ltr'>adipe</span> 
     </span>
     <span class='ocr_line' id='line_1_24' title="bbox 308 1038 606 1078; baseline -0.01 -6"><span class='ocrx_word' id='word_1_52' title='bbox 308 1041 422 1072; x_wconf 84' lang='lat' dir='ltr'>cibaris</span> <span class='ocrx_word' id='word_1_53' title='bbox 447 1038 606 1078; x_wconf 82' lang='lat' dir='ltr'>frumenti,</span> 
     </span>
     <span class='ocr_line' id='line_1_25' title="bbox 259 1087 581 1126; baseline -0.009 -7"><span class='ocrx_word' id='word_1_54' title='bbox 259 1088 417 1126; x_wconf 76' lang='lat' dir='ltr'>Expertes</span> <span class='ocrx_word' id='word_1_55' title='bbox 441 1087 581 1117; x_wconf 81' lang='lat' dir='ltr'>malitiae</span> 
     </span>
     <span class='ocr_line' id='line_1_26' title="bbox 305 1132 642 1172; baseline -0.003 -8"><span class='ocrx_word' id='word_1_56' title='bbox 305 1137 339 1164; x_wconf 91' lang='lat' dir='ltr'>ut</span> <span class='ocrx_word' id='word_1_57' title='bbox 364 1134 459 1165; x_wconf 89' lang='lat' dir='ltr'>simus</span> <span class='ocrx_word' id='word_1_58' title='bbox 484 1132 642 1172; x_wconf 88' lang='lat' dir='ltr'>fermenti,</span> 
     </span>
     <span class='ocr_line' id='line_1_27' title="bbox 259 1180 571 1213; baseline -0.006 -1"><span class='ocrx_word' id='word_1_59' title='bbox 259 1181 367 1213; x_wconf 85' lang='lat' dir='ltr'>Tubae</span> <span class='ocrx_word' id='word_1_60' title='bbox 390 1180 571 1211; x_wconf 80' lang='lat' dir='ltr'>neomeniae</span> 
     </span>
     <span class='ocr_line' id='line_1_28' title="bbox 306 1226 583 1259; baseline -0.007 -1"><span class='ocrx_word' id='word_1_61' title='bbox 306 1236 382 1259; x_wconf 87' lang='lat' dir='ltr'>sono</span> <span class='ocrx_word' id='word_1_62' title='bbox 408 1226 583 1258; x_wconf 75' lang='lat' dir='ltr'>vehementi</span> 
     </span>
     <span class='ocr_line' id='line_1_29' title="bbox 261 1273 608 1306; baseline -0.012 0"><span class='ocrx_word' id='word_1_63' title='bbox 261 1274 393 1306; x_wconf 73' lang='lat' dir='ltr'>Movens</span> <span class='ocrx_word' id='word_1_64' title='bbox 418 1274 503 1305; x_wconf 80' lang='lat' dir='ltr'>muni</span> <span class='ocrx_word' id='word_1_65' title='bbox 526 1273 608 1304; x_wconf 82' lang='lat' dir='ltr'>serie</span> 
     </span>
     <span class='ocr_line' id='line_1_30' title="bbox 308 1320 593 1352; baseline -0.004 0"><span class='ocrx_word' id='word_1_66' title='bbox 308 1322 380 1352; x_wconf 85' lang='lat' dir='ltr'>novi</span> <span class='ocrx_word' id='word_1_67' title='bbox 405 1320 593 1351; x_wconf 82' lang='lat' dir='ltr'>testamenti.</span> 
     </span>
    </p>
   </div>
   <div class='ocr_carea' id='block_1_10' title="bbox 260 1394 741 1764">
    <p class='ocr_par' dir='ltr' id='par_1_10' title="bbox 260 1394 741 1764">
     <span class='ocr_line' id='line_1_31' title="bbox 263 1394 656 1435; baseline -0.008 -8"><span class='ocrx_word' id='word_1_68' title='bbox 263 1399 343 1435; x_wconf 77' lang='lat' dir='ltr'>Ave,</span> <span class='ocrx_word' id='word_1_69' title='bbox 370 1404 449 1435; x_wconf 86' lang='lat' dir='ltr'>quae</span> <span class='ocrx_word' id='word_1_70' title='bbox 472 1404 534 1426; x_wconf 91' lang='lat' dir='ltr'>non</span> <span class='ocrx_word' id='word_1_71' title='bbox 559 1394 656 1425; x_wconf 85' lang='lat' dir='ltr'>facies</span> 
     </span>
     <span class='ocr_line' id='line_1_32' title="bbox 308 1442 638 1481; baseline -0.006 -7"><span class='ocrx_word' id='word_1_72' title='bbox 308 1442 404 1474; x_wconf 82' lang='lat' dir='ltr'>sumis</span> <span class='ocrx_word' id='word_1_73' title='bbox 428 1445 638 1481; x_wconf 81' lang='lat' dir='ltr'>peccatorum,</span> 
     </span>
     <span class='ocr_line' id='line_1_33' title="bbox 260 1489 675 1529; baseline -0.01 -7"><span class='ocrx_word' id='word_1_74' title='bbox 260 1490 323 1523; x_wconf 84' lang='lat' dir='ltr'>Sed</span> <span class='ocrx_word' id='word_1_75' title='bbox 349 1491 508 1529; x_wconf 84' lang='lat' dir='ltr'>cognoscis</span> <span class='ocrx_word' id='word_1_76' title='bbox 533 1489 675 1527; x_wconf 87' lang='lat' dir='ltr'>humiles,</span> 
     </span>
     <span class='ocr_line' id='line_1_34' title="bbox 309 1536 635 1576; baseline -0.006 -8"><span class='ocrx_word' id='word_1_77' title='bbox 309 1540 410 1568; x_wconf 82' lang='lat' dir='ltr'>mater</span> <span class='ocrx_word' id='word_1_78' title='bbox 433 1536 635 1576; x_wconf 86' lang='lat' dir='ltr'>pupillorum,</span> 
     </span>
     <span class='ocr_line' id='line_1_35' title="bbox 261 1582 741 1623; baseline -0.006 -8"><span class='ocrx_word' id='word_1_79' title='bbox 261 1584 450 1622; x_wconf 65' lang='lat' dir='ltr'>Aestimans5</span> <span class='ocrx_word' id='word_1_80' title='bbox 478 1582 561 1622; x_wconf 87' lang='lat' dir='ltr'>quod</span> <span class='ocrx_word' id='word_1_81' title='bbox 584 1589 741 1623; x_wconf 81' lang='lat' dir='ltr'>pauperes</span> 
     </span>
     <span class='ocr_line' id='line_1_36' title="bbox 311 1630 622 1672; baseline -0.006 -10"><span class='ocrx_word' id='word_1_82' title='bbox 311 1630 467 1672; x_wconf 79' lang='lat' dir='ltr'>iustiores,</span> <span class='ocrx_word' id='word_1_83' title='bbox 495 1638 622 1669; x_wconf 85' lang='lat' dir='ltr'>quorum</span> 
     </span>
     <span class='ocr_line' id='line_1_37' title="bbox 266 1677 624 1710; baseline -0.006 -1"><span class='ocrx_word' id='word_1_84' title='bbox 266 1678 374 1710; x_wconf 85' lang='lat' dir='ltr'>Cernis</span> <span class='ocrx_word' id='word_1_85' title='bbox 399 1681 487 1708; x_wconf 86' lang='lat' dir='ltr'>actus</span> <span class='ocrx_word' id='word_1_86' title='bbox 512 1677 624 1708; x_wconf 75' lang='lat' dir='ltr'>uberes</span> 
     </span>
     <span class='ocr_line' id='line_1_38' title="bbox 311 1723 681 1764; baseline 0.003 -9"><span class='ocrx_word' id='word_1_87' title='bbox 311 1728 340 1755; x_wconf 85' lang='lat' dir='ltr'>et</span> <span class='ocrx_word' id='word_1_88' title='bbox 365 1723 526 1764; x_wconf 85' lang='lat' dir='ltr'>profectus</span> <span class='ocrx_word' id='word_1_89' title='bbox 552 1732 681 1756; x_wconf 88' lang='lat' dir='ltr'>morum.</span> 
     </span>
    </p>
   </div>
   <div class='ocr_carea' id='block_1_11' title="bbox 260 1799 692 2159">
    <p class='ocr_par' dir='ltr' id='par_1_11' title="bbox 260 1799 692 2159">
     <span class='ocr_line' id='line_1_39' title="bbox 260 1799 553 1840; baseline -0.01 -8"><span class='ocrx_word' id='word_1_90' title='bbox 260 1802 342 1840; x_wconf 75' lang='lat' dir='ltr'>Ave,</span> <span class='ocrx_word' id='word_1_91' title='bbox 369 1800 417 1831; x_wconf 82' lang='lat' dir='ltr'>cui</span> <span class='ocrx_word' id='word_1_92' title='bbox 442 1799 553 1830; x_wconf 88' lang='lat' dir='ltr'>similis</span> 
     </span>
     <span class='ocr_line' id='line_1_40' title="bbox 309 1846 618 1878; baseline -0.006 0"><span class='ocrx_word' id='word_1_93' title='bbox 309 1848 396 1878; x_wconf 84' lang='lat' dir='ltr'>nulla</span> <span class='ocrx_word' id='word_1_94' title='bbox 421 1850 467 1878; x_wconf 87' lang='lat' dir='ltr'>est</span> <span class='ocrx_word' id='word_1_95' title='bbox 490 1846 618 1877; x_wconf 81' lang='lat' dir='ltr'>inventa</span> 
     </span>
     <span class='ocr_line' id='line_1_41' title="bbox 264 1892 630 1926; baseline -0.008 0"><span class='ocrx_word' id='word_1_96' title='bbox 264 1894 413 1926; x_wconf 85' lang='lat' dir='ltr'>Omnibus</span> <span class='ocrx_word' id='word_1_97' title='bbox 437 1894 469 1925; x_wconf 88' lang='lat' dir='ltr'>in</span> <span class='ocrx_word' id='word_1_98' title='bbox 495 1892 630 1926; x_wconf 77' lang='lat' dir='ltr'>feminis,</span> 
     </span>
     <span class='ocr_line' id='line_1_42' title="bbox 310 1940 644 1979; baseline -0.003 -7"><span class='ocrx_word' id='word_1_99' title='bbox 310 1950 367 1979; x_wconf 87' lang='lat' dir='ltr'>per</span> <span class='ocrx_word' id='word_1_100' title='bbox 387 1941 475 1971; x_wconf 81' lang='lat' dir='ltr'>nulla</span> <span class='ocrx_word' id='word_1_101' title='bbox 500 1940 644 1978; x_wconf 77' lang='lat' dir='ltr'>exempla</span> 
     </span>
     <span class='ocr_line' id='line_1_43' title="bbox 265 1986 633 2026; baseline -0.005 -7"><span class='ocrx_word' id='word_1_102' title='bbox 265 1987 473 2026; x_wconf 88' lang='lat' dir='ltr'>Assumpsisti</span> <span class='ocrx_word' id='word_1_103' title='bbox 498 1986 633 2017; x_wconf 82' lang='lat' dir='ltr'>caelibes</span> 
     </span>
     <span class='ocr_line' id='line_1_44' title="bbox 313 2034 637 2072; baseline 0 -8"><span class='ocrx_word' id='word_1_104' title='bbox 313 2035 397 2065; x_wconf 85' lang='lat' dir='ltr'>vitae</span> <span class='ocrx_word' id='word_1_105' title='bbox 420 2034 637 2072; x_wconf 81' lang='lat' dir='ltr'>instrumenta,</span> 
     </span>
     <span class='ocr_line' id='line_1_45' title="bbox 264 2080 692 2119; baseline -0.002 -6"><span class='ocrx_word' id='word_1_106' title='bbox 264 2081 329 2113; x_wconf 86' lang='lat' dir='ltr'>Sed</span> <span class='ocrx_word' id='word_1_107' title='bbox 353 2083 384 2112; x_wconf 89' lang='lat' dir='ltr'>vi</span> <span class='ocrx_word' id='word_1_108' title='bbox 407 2080 491 2111; x_wconf 89' lang='lat' dir='ltr'>intus</span> <span class='ocrx_word' id='word_1_109' title='bbox 515 2080 692 2119; x_wconf 84' lang='lat' dir='ltr'>pneumatis</span> 
     </span>
     <span class='ocr_line' id='line_1_46' title="bbox 311 2128 630 2159; baseline 0 0"><span class='ocrx_word' id='word_1_110' title='bbox 311 2128 410 2159; x_wconf 85' lang='lat' dir='ltr'>habes</span> <span class='ocrx_word' id='word_1_111' title='bbox 436 2128 630 2159; x_wconf 76' lang='lat' dir='ltr'>documenta..</span> 
     </span>
    </p>
   </div>
   <div class='ocr_carea' id='block_1_12' title="bbox 265 2202 607 2383">
    <p class='ocr_par' dir='ltr' id='par_1_12' title="bbox 265 2202 607 2383">
     <span class='ocr_line' id='line_1_47' title="bbox 265 2202 594 2245; baseline -0.012 -9"><span class='ocrx_word' id='word_1_112' title='bbox 265 2205 345 2245; x_wconf 80' lang='lat' dir='ltr'>Ave,</span> <span class='ocrx_word' id='word_1_113' title='bbox 372 2203 466 2234; x_wconf 84' lang='lat' dir='ltr'>caelis</span> <span class='ocrx_word' id='word_1_114' title='bbox 490 2202 594 2244; x_wconf 81' lang='lat' dir='ltr'>altior,</span> 
     </span>
     <span class='ocr_line' id='line_1_48' title="bbox 315 2250 569 2282; baseline -0.012 0"><span class='ocrx_word' id='word_1_115' title='bbox 315 2250 398 2282; x_wconf 91' lang='lat' dir='ltr'>omni</span> <span class='ocrx_word' id='word_1_116' title='bbox 424 2252 569 2280; x_wconf 83' lang='lat' dir='ltr'>creatura</span> 
     </span>
     <span class='ocr_line' id='line_1_49' title="bbox 271 2296 607 2331; baseline -0.009 0"><span class='ocrx_word' id='word_1_117' title='bbox 271 2298 390 2331; x_wconf 82' lang='lat' dir='ltr'>Celsior</span> <span class='ocrx_word' id='word_1_118' title='bbox 415 2299 447 2327; x_wconf 81' lang='lat' dir='ltr'>et</span> <span class='ocrx_word' id='word_1_119' title='bbox 469 2296 607 2328; x_wconf 85' lang='lat' dir='ltr'>sanctior</span> 
     </span>
     <span class='ocr_line' id='line_1_50' title="bbox 314 2345 566 2383; baseline -0.012 -6"><span class='ocrx_word' id='word_1_120' title='bbox 314 2345 403 2377; x_wconf 84' lang='lat' dir='ltr'>deica</span> <span class='ocrx_word' id='word_1_121' title='bbox 426 2352 566 2383; x_wconf 72' lang='lat' dir='ltr'>censura,</span> 
     </span>
    </p>
   </div>
   <div class='ocr_carea' id='block_1_13' title="bbox 770 92 838 126">
    <p class='ocr_par' dir='ltr' id='par_1_13' title="bbox 770 92 838 126">
     <span class='ocr_line' id='line_1_51' title="bbox 770 92 838 126; baseline 0 0"><span class='ocrx_word' id='word_1_122' title='bbox 770 92 838 126; x_wconf 84' lang='lat'>206</span> 
     </span>
    </p>
   </div>
   <div class='ocr_carea' id='block_1_14' title="bbox 928 183 1318 273">
    <p class='ocr_par' dir='ltr' id='par_1_14' title="bbox 928 183 1318 273">
     <span class='ocr_line' id='line_1_52' title="bbox 928 183 1318 225; baseline -0.013 -7"><span class='ocrx_word' id='word_1_123' title='bbox 928 187 988 219; x_wconf 85' lang='lat' dir='ltr'>Per</span> <span class='ocrx_word' id='word_1_124' title='bbox 1011 189 1043 217; x_wconf 85' lang='lat' dir='ltr'>te</span> <span class='ocrx_word' id='word_1_125' title='bbox 1066 186 1108 216; x_wconf 87' lang='lat' dir='ltr'>sit</span> <span class='ocrx_word' id='word_1_126' title='bbox 1131 183 1318 225; x_wconf 81' lang='lat' dir='ltr'>propensior</span> 
     </span>
     <span class='ocr_line' id='line_1_53' title="bbox 971 232 1257 273; baseline -0.01 -9"><span class='ocrx_word' id='word_1_127' title='bbox 971 237 1082 264; x_wconf 84' lang='lat' dir='ltr'>nostra</span> <span class='ocrx_word' id='word_1_128' title='bbox 1104 232 1257 273; x_wconf 67' lang='lat' dir='ltr'>genitura7</span> 
     </span>
    </p>
   </div>
   <div class='ocr_carea' id='block_1_15' title="bbox 923 278 1243 317">
    <p class='ocr_par' dir='ltr' id='par_1_15' title="bbox 923 278 1243 317">
     <span class='ocr_line' id='line_1_54' title="bbox 923 278 1243 317; baseline -0.009 -6"><span class='ocrx_word' id='word_1_129' title='bbox 923 280 1041 312; x_wconf 70' lang='lat' dir='ltr'>Anima</span> <span class='ocrx_word' id='word_1_130' title='bbox 1062 278 1243 317; x_wconf 79' lang='lat' dir='ltr'>suspensior</span> 
     </span>
    </p>
   </div>
   <div class='ocr_carea' id='block_1_16' title="bbox 972 325 1284 357">
    <p class='ocr_par' dir='ltr' id='par_1_16' title="bbox 972 325 1284 357">
     <span class='ocr_line' id='line_1_55' title="bbox 972 325 1284 357; baseline -0.006 0"><span class='ocrx_word' id='word_1_131' title='bbox 972 327 1004 357; x_wconf 94' lang='lat' dir='ltr'>in</span> <span class='ocrx_word' id='word_1_132' title='bbox 1029 325 1090 357; x_wconf 90' lang='lat' dir='ltr'>Dei</span> <span class='ocrx_word' id='word_1_133' title='bbox 1115 327 1284 357; x_wconf 75' lang='lat' dir='ltr'>structura.</span> 
     </span>
    </p>
   </div>
   <div class='ocr_carea' id='block_1_17' title="bbox 844 400 1261 441">
    <p class='ocr_par' dir='ltr' id='par_1_17' title="bbox 844 400 1261 441">
     <span class='ocr_line' id='line_1_56' title="bbox 844 400 1261 441; baseline -0.012 -6"><span class='ocrx_word' id='word_1_134' title='bbox 844 403 898 435; x_wconf 78' lang='lat'>20.</span> <span class='ocrx_word' id='word_1_135' title='bbox 923 403 1004 441; x_wconf 83' lang='lat' dir='ltr'>Ave,</span> <span class='ocrx_word' id='word_1_136' title='bbox 1031 402 1118 432; x_wconf 85' lang='lat' dir='ltr'>cuius</span> <span class='ocrx_word' id='word_1_137' title='bbox 1142 400 1261 440; x_wconf 85' lang='lat' dir='ltr'>gremio</span> 
     </span>
    </p>
   </div>
   <div class='ocr_carea' id='block_1_18' title="bbox 847 806 901 838">
    <p class='ocr_par' dir='ltr' id='par_1_18' title="bbox 847 806 901 838">
     <span class='ocr_line' id='line_1_57' title="bbox 847 806 901 838; baseline 0.019 -1"><span class='ocrx_word' id='word_1_138' title='bbox 847 806 901 838; x_wconf 87' lang='lat'>21.</span> 
     </span>
    </p>
   </div>
   <div class='ocr_carea' id='block_1_19' title="bbox 851 1210 904 1241">
    <p class='ocr_par' dir='ltr' id='par_1_19' title="bbox 851 1210 904 1241">
     <span class='ocr_line' id='line_1_58' title="bbox 851 1210 904 1241; baseline 0 0"><span class='ocrx_word' id='word_1_139' title='bbox 851 1210 904 1241; x_wconf 82' lang='lat'>22.</span> 
     </span>
    </p>
   </div>
   <div class='ocr_carea' id='block_1_20' title="bbox 851 1612 908 1643">
    <p class='ocr_par' dir='ltr' id='par_1_20' title="bbox 851 1612 908 1643">
     <span class='ocr_line' id='line_1_59' title="bbox 851 1612 908 1643; baseline -0.018 0"><span class='ocrx_word' id='word_1_140' title='bbox 851 1612 908 1643; x_wconf 71' lang='lat'>223.</span> 
     </span>
    </p>
   </div>
   <div class='ocr_carea' id='block_1_21' title="bbox 858 2018 915 2050">
    <p class='ocr_par' dir='ltr' id='par_1_21' title="bbox 858 2018 915 2050">
     <span class='ocr_line' id='line_1_60' title="bbox 858 2018 915 2050; baseline -0.035 0"><span class='ocrx_word' id='word_1_141' title='bbox 858 2018 915 2050; x_wconf 70' lang='lat'>24.</span> 
     </span>
    </p>
   </div>
   <div class='ocr_carea' id='block_1_22' title="bbox 927 448 1317 761">
    <p class='ocr_par' dir='ltr' id='par_1_22' title="bbox 928 448 1266 529">
     <span class='ocr_line' id='line_1_61' title="bbox 971 448 1266 486; baseline -0.003 -7"><span class='ocrx_word' id='word_1_142' title='bbox 971 448 1089 480; x_wconf 71' lang='lat' dir='ltr'>veritas</span> <span class='ocrx_word' id='word_1_143' title='bbox 1114 450 1164 478; x_wconf 82' lang='lat' dir='ltr'>est</span> <span class='ocrx_word' id='word_1_144' title='bbox 1186 450 1266 486; x_wconf 82' lang='lat' dir='ltr'>orta,</span> 
     </span>
     <span class='ocr_line' id='line_1_62' title="bbox 928 493 1199 529; baseline -0.015 0"><span class='ocrx_word' id='word_1_145' title='bbox 928 496 1022 529; x_wconf 88' lang='lat' dir='ltr'>Cuius</span> <span class='ocrx_word' id='word_1_146' title='bbox 1048 493 1199 526; x_wconf 88' lang='lat' dir='ltr'>beneficio</span> 
     </span>
    </p>

    <p class='ocr_par' dir='ltr' id='par_1_23' title="bbox 927 542 1303 628">
     <span class='ocr_line' id='line_1_63' title="bbox 975 542 1303 582; baseline -0.009 -8"><span class='ocrx_word' id='word_1_147' title='bbox 975 542 1156 582; x_wconf 84' lang='lat' dir='ltr'>praedaque</span> <span class='ocrx_word' id='word_1_148' title='bbox 1180 543 1303 573; x_wconf 83' lang='lat' dir='ltr'>extorta</span> 
     </span>
     <span class='ocr_line' id='line_1_64' title="bbox 927 589 1188 628; baseline 0 -8"><span class='ocrx_word' id='word_1_149' title='bbox 927 589 1002 621; x_wconf 87' lang='lat' dir='ltr'>Fuit</span> <span class='ocrx_word' id='word_1_150' title='bbox 1026 589 1065 621; x_wconf 82' lang='lat' dir='ltr'>ab</span> <span class='ocrx_word' id='word_1_151' title='bbox 1088 589 1188 628; x_wconf 81' lang='lat' dir='ltr'>initio,</span> 
     </span>
    </p>

    <p class='ocr_par' dir='ltr' id='par_1_24' title="bbox 929 636 1317 722">
     <span class='ocr_line' id='line_1_65' title="bbox 975 636 1317 676; baseline -0.006 -8"><span class='ocrx_word' id='word_1_152' title='bbox 975 636 1060 668; x_wconf 86' lang='lat' dir='ltr'>Caeli</span> <span class='ocrx_word' id='word_1_153' title='bbox 1087 639 1190 675; x_wconf 82' lang='lat' dir='ltr'>caput,</span> <span class='ocrx_word' id='word_1_154' title='bbox 1216 638 1317 676; x_wconf 84' lang='lat' dir='ltr'>porta,</span> 
     </span>
     <span class='ocr_line' id='line_1_66' title="bbox 929 682 1294 722; baseline -0.003 -8"><span class='ocrx_word' id='word_1_155' title='bbox 929 684 994 722; x_wconf 87' lang='lat' dir='ltr'>Quo</span> <span class='ocrx_word' id='word_1_156' title='bbox 1020 692 1076 715; x_wconf 86' lang='lat' dir='ltr'>nos</span> <span class='ocrx_word' id='word_1_157' title='bbox 1101 685 1166 714; x_wconf 88' lang='lat' dir='ltr'>toto</span> <span class='ocrx_word' id='word_1_158' title='bbox 1191 682 1294 714; x_wconf 84' lang='lat' dir='ltr'>animo</span> 
     </span>
    </p>

    <p class='ocr_par' dir='ltr' id='par_1_25' title="bbox 975 727 1283 761">
     <span class='ocr_line' id='line_1_67' title="bbox 975 727 1283 761; baseline 0 0"><span class='ocrx_word' id='word_1_159' title='bbox 975 730 1106 761; x_wconf 89' lang='lat' dir='ltr'>tendere</span> <span class='ocrx_word' id='word_1_160' title='bbox 1131 727 1283 761; x_wconf 84' lang='lat' dir='ltr'>conforta.</span> 
     </span>
    </p>
   </div>
   <div class='ocr_carea' id='block_1_23' title="bbox 927 805 1382 1171">
    <p class='ocr_par' dir='ltr' id='par_1_26' title="bbox 927 805 1221 847">
     <span class='ocr_line' id='line_1_68' title="bbox 927 805 1221 847; baseline -0.007 -11"><span class='ocrx_word' id='word_1_161' title='bbox 927 807 1007 847; x_wconf 74' lang='lat' dir='ltr'>Ave,</span> <span class='ocrx_word' id='word_1_162' title='bbox 1035 805 1085 835; x_wconf 79' lang='lat' dir='ltr'>cui</span> <span class='ocrx_word' id='word_1_163' title='bbox 1110 805 1221 836; x_wconf 80' lang='lat' dir='ltr'>similis</span> 
     </span>
    </p>

    <p class='ocr_par' dir='ltr' id='par_1_27' title="bbox 928 852 1312 939">
     <span class='ocr_line' id='line_1_69' title="bbox 973 852 1312 890; baseline 0 -7"><span class='ocrx_word' id='word_1_164' title='bbox 973 852 1061 883; x_wconf 85' lang='lat' dir='ltr'>nulla</span> <span class='ocrx_word' id='word_1_165' title='bbox 1085 853 1133 883; x_wconf 81' lang='lat' dir='ltr'>est</span> <span class='ocrx_word' id='word_1_166' title='bbox 1157 854 1312 890; x_wconf 79' lang='lat' dir='ltr'>matrona,</span> 
     </span>
     <span class='ocr_line' id='line_1_70' title="bbox 928 898 1308 939; baseline -0.005 -8"><span class='ocrx_word' id='word_1_167' title='bbox 928 899 1023 939; x_wconf 82' lang='lat' dir='ltr'>Virgo</span> <span class='ocrx_word' id='word_1_168' title='bbox 1049 902 1145 935; x_wconf 71' lang='lat' dir='ltr'>casta,</span> <span class='ocrx_word' id='word_1_169' title='bbox 1171 898 1308 937; x_wconf 89' lang='lat' dir='ltr'>humilis,</span> 
     </span>
    </p>

    <p class='ocr_par' dir='ltr' id='par_1_28' title="bbox 929 943 1313 1032">
     <span class='ocr_line' id='line_1_71' title="bbox 975 943 1313 985; baseline 0 -9"><span class='ocrx_word' id='word_1_170' title='bbox 975 945 1029 978; x_wconf 79' lang='lat' dir='ltr'>fac</span> <span class='ocrx_word' id='word_1_171' title='bbox 1050 954 1109 985; x_wconf 89' lang='lat' dir='ltr'>per</span> <span class='ocrx_word' id='word_1_172' title='bbox 1133 943 1193 976; x_wconf 84' lang='lat' dir='ltr'>Dei</span> <span class='ocrx_word' id='word_1_173' title='bbox 1219 945 1313 984; x_wconf 80' lang='lat' dir='ltr'>dona,</span> 
     </span>
     <span class='ocr_line' id='line_1_72' title="bbox 929 992 1279 1032; baseline -0.006 -7"><span class='ocrx_word' id='word_1_174' title='bbox 929 993 973 1026; x_wconf 90' lang='lat' dir='ltr'>Ut</span> <span class='ocrx_word' id='word_1_175' title='bbox 997 994 1039 1024; x_wconf 90' lang='lat' dir='ltr'>sit</span> <span class='ocrx_word' id='word_1_176' title='bbox 1062 992 1279 1032; x_wconf 78' lang='lat' dir='ltr'>acceptabilis,</span> 
     </span>
    </p>

    <p class='ocr_par' dir='ltr' id='par_1_29' title="bbox 928 1039 1350 1123">
     <span class='ocr_line' id='line_1_73' title="bbox 976 1039 1350 1079; baseline -0.003 -8"><span class='ocrx_word' id='word_1_177' title='bbox 976 1049 1038 1079; x_wconf 80' lang='lat' dir='ltr'>qua</span> <span class='ocrx_word' id='word_1_178' title='bbox 1061 1042 1093 1070; x_wconf 86' lang='lat' dir='ltr'>te</span> <span class='ocrx_word' id='word_1_179' title='bbox 1115 1039 1221 1079; x_wconf 87' lang='lat' dir='ltr'>laudo,</span> <span class='ocrx_word' id='word_1_180' title='bbox 1244 1048 1350 1078; x_wconf 86' lang='lat' dir='ltr'>prosa,</span> 
     </span>
     <span class='ocr_line' id='line_1_74' title="bbox 928 1085 1214 1123; baseline -0.007 -5"><span class='ocrx_word' id='word_1_181' title='bbox 928 1086 1009 1118; x_wconf 79' lang='lat' dir='ltr'>Mihi</span> <span class='ocrx_word' id='word_1_182' title='bbox 1034 1085 1214 1123; x_wconf 82' lang='lat' dir='ltr'>exorabilis,</span> 
     </span>
    </p>

    <p class='ocr_par' dir='ltr' id='par_1_30' title="bbox 976 1131 1382 1171">
     <span class='ocr_line' id='line_1_75' title="bbox 976 1131 1382 1171; baseline 0 -7"><span class='ocrx_word' id='word_1_183' title='bbox 976 1134 1018 1164; x_wconf 82' lang='lat' dir='ltr'>ad</span> <span class='ocrx_word' id='word_1_184' title='bbox 1041 1133 1266 1171; x_wconf 80' lang='lat' dir='ltr'>praestandum</span> <span class='ocrx_word' id='word_1_185' title='bbox 1292 1131 1382 1164; x_wconf 89' lang='lat' dir='ltr'>bona.</span> 
     </span>
    </p>
   </div>
   <div class='ocr_carea' id='block_1_24' title="bbox 930 1207 1320 1574">
    <p class='ocr_par' dir='ltr' id='par_1_31' title="bbox 930 1207 1320 1574">
     <span class='ocr_line' id='line_1_76' title="bbox 930 1207 1188 1247; baseline -0.012 -7"><span class='ocrx_word' id='word_1_186' title='bbox 930 1209 1009 1247; x_wconf 85' lang='lat' dir='ltr'>Ave,</span> <span class='ocrx_word' id='word_1_187' title='bbox 1033 1207 1188 1239; x_wconf 86' lang='lat' dir='ltr'>habitatio</span> 
     </span>
     <span class='ocr_line' id='line_1_77' title="bbox 977 1254 1222 1294; baseline -0.008 -8"><span class='ocrx_word' id='word_1_188' title='bbox 977 1254 1051 1286; x_wconf 88' lang='lat' dir='ltr'>Sion</span> <span class='ocrx_word' id='word_1_189' title='bbox 1075 1254 1222 1294; x_wconf 82' lang='lat' dir='ltr'>gloriosa,</span> 
     </span>
     <span class='ocr_line' id='line_1_78' title="bbox 930 1301 1215 1339; baseline -0.007 -6"><span class='ocrx_word' id='word_1_190' title='bbox 930 1302 989 1338; x_wconf 78' lang='lat' dir='ltr'>Da,</span> <span class='ocrx_word' id='word_1_191' title='bbox 1014 1304 1049 1332; x_wconf 90' lang='lat' dir='ltr'>ut</span> <span class='ocrx_word' id='word_1_192' title='bbox 1073 1301 1215 1339; x_wconf 87' lang='lat' dir='ltr'>operatio</span> 
     </span>
     <span class='ocr_line' id='line_1_79' title="bbox 976 1347 1193 1387; baseline 0 -8"><span class='ocrx_word' id='word_1_193' title='bbox 976 1347 1031 1379; x_wconf 83' lang='lat' dir='ltr'>fiat</span> <span class='ocrx_word' id='word_1_194' title='bbox 1054 1347 1193 1387; x_wconf 81' lang='lat' dir='ltr'>gratiosa</span> 
     </span>
     <span class='ocr_line' id='line_1_80' title="bbox 932 1394 1185 1426; baseline -0.004 0"><span class='ocrx_word' id='word_1_195' title='bbox 932 1394 1005 1426; x_wconf 88' lang='lat' dir='ltr'>Tibi</span> <span class='ocrx_word' id='word_1_196' title='bbox 1031 1397 1060 1425; x_wconf 89' lang='lat' dir='ltr'>et</span> <span class='ocrx_word' id='word_1_197' title='bbox 1086 1394 1185 1426; x_wconf 87' lang='lat' dir='ltr'>oratio</span> 
     </span>
     <span class='ocr_line' id='line_1_81' title="bbox 980 1440 1320 1482; baseline -0.003 -10"><span class='ocrx_word' id='word_1_198' title='bbox 980 1440 1106 1472; x_wconf 70' lang='lat' dir='ltr'>fervens</span> <span class='ocrx_word' id='word_1_199' title='bbox 1131 1443 1163 1471; x_wconf 85' lang='lat' dir='ltr'>et</span> <span class='ocrx_word' id='word_1_200' title='bbox 1186 1449 1320 1482; x_wconf 74' lang='lat' dir='ltr'>morosa,</span> 
     </span>
     <span class='ocr_line' id='line_1_82' title="bbox 937 1487 1237 1527; baseline -0.01 -6"><span class='ocrx_word' id='word_1_201' title='bbox 937 1489 1048 1521; x_wconf 86' lang='lat' dir='ltr'>Carnis</span> <span class='ocrx_word' id='word_1_202' title='bbox 1075 1487 1237 1527; x_wconf 75' lang='lat' dir='ltr'>castigatio</span> 
     </span>
     <span class='ocr_line' id='line_1_83' title="bbox 979 1533 1287 1574; baseline -0.003 -8"><span class='ocrx_word' id='word_1_203' title='bbox 979 1535 1091 1574; x_wconf 83' lang='lat' dir='ltr'>libenS,</span> <span class='ocrx_word' id='word_1_204' title='bbox 1117 1533 1287 1566; x_wconf 82' lang='lat' dir='ltr'>fructuosa.</span> 
     </span>
    </p>
   </div>
   <div class='ocr_carea' id='block_1_25' title="bbox 933 1612 1313 1979">
    <p class='ocr_par' dir='ltr' id='par_1_32' title="bbox 933 1612 1313 1979">
     <span class='ocr_line' id='line_1_84' title="bbox 933 1612 1263 1651; baseline -0.006 -9"><span class='ocrx_word' id='word_1_205' title='bbox 933 1612 1013 1651; x_wconf 73' lang='lat' dir='ltr'>Ave,</span> <span class='ocrx_word' id='word_1_206' title='bbox 1038 1618 1118 1641; x_wconf 68' lang='lat' dir='ltr'>vena</span> <span class='ocrx_word' id='word_1_207' title='bbox 1142 1615 1263 1649; x_wconf 76' lang='lat' dir='ltr'>veniae,</span> 
     </span>
     <span class='ocr_line' id='line_1_85' title="bbox 983 1656 1280 1697; baseline -0.007 -8"><span class='ocrx_word' id='word_1_208' title='bbox 983 1657 1088 1689; x_wconf 91' lang='lat' dir='ltr'>cordis</span> <span class='ocrx_word' id='word_1_209' title='bbox 1113 1656 1280 1697; x_wconf 85' lang='lat' dir='ltr'>medicina,</span> 
     </span>
     <span class='ocr_line' id='line_1_86' title="bbox 934 1704 1292 1747; baseline -0.008 -10"><span class='ocrx_word' id='word_1_210' title='bbox 934 1705 1021 1737; x_wconf 85' lang='lat' dir='ltr'>Fons</span> <span class='ocrx_word' id='word_1_211' title='bbox 1046 1704 1292 1747; x_wconf 76' lang='lat' dir='ltr'>misericordiae,</span> 
     </span>
     <span class='ocr_line' id='line_1_87' title="bbox 980 1751 1313 1783; baseline 0 0"><span class='ocrx_word' id='word_1_212' title='bbox 980 1761 1087 1783; x_wconf 89' lang='lat' dir='ltr'>aurem</span> <span class='ocrx_word' id='word_1_213' title='bbox 1110 1752 1172 1783; x_wconf 89' lang='lat' dir='ltr'>huc</span> <span class='ocrx_word' id='word_1_214' title='bbox 1195 1751 1313 1783; x_wconf 90' lang='lat' dir='ltr'>inclina</span> 
     </span>
     <span class='ocr_line' id='line_1_88' title="bbox 935 1798 1297 1831; baseline 0 -1"><span class='ocrx_word' id='word_1_215' title='bbox 935 1799 987 1830; x_wconf 84' lang='lat' dir='ltr'>Ad</span> <span class='ocrx_word' id='word_1_216' title='bbox 1012 1799 1126 1831; x_wconf 86' lang='lat' dir='ltr'>vallem</span> <span class='ocrx_word' id='word_1_217' title='bbox 1149 1798 1297 1830; x_wconf 84' lang='lat' dir='ltr'>miseriae</span> 
     </span>
     <span class='ocr_line' id='line_1_89' title="bbox 983 1846 1247 1878; baseline -0.004 -1"><span class='ocrx_word' id='word_1_218' title='bbox 983 1850 1015 1877; x_wconf 85' lang='lat' dir='ltr'>et</span> <span class='ocrx_word' id='word_1_219' title='bbox 1038 1855 1089 1878; x_wconf 88' lang='lat' dir='ltr'>me</span> <span class='ocrx_word' id='word_1_220' title='bbox 1111 1856 1131 1877; x_wconf 86' lang='lat' dir='ltr'>a</span> <span class='ocrx_word' id='word_1_221' title='bbox 1154 1846 1247 1877; x_wconf 85' lang='lat' dir='ltr'>ruina</span> 
     </span>
     <span class='ocr_line' id='line_1_90' title="bbox 936 1893 1174 1934; baseline -0.004 -9"><span class='ocrx_word' id='word_1_222' title='bbox 936 1893 1060 1925; x_wconf 87' lang='lat' dir='ltr'>Inimici</span> <span class='ocrx_word' id='word_1_223' title='bbox 1086 1894 1174 1934; x_wconf 85' lang='lat' dir='ltr'>eripe</span> 
     </span>
     <span class='ocr_line' id='line_1_91' title="bbox 984 1940 1228 1979; baseline 0 -7"><span class='ocrx_word' id='word_1_224' title='bbox 984 1941 1086 1979; x_wconf 79' lang='lat' dir='ltr'>gratia</span> <span class='ocrx_word' id='word_1_225' title='bbox 1111 1940 1228 1972; x_wconf 74' lang='lat' dir='ltr'>divina.</span> 
     </span>
    </p>
   </div>
   <div class='ocr_carea' id='block_1_26' title="bbox 937 2016 1405 2382">
    <p class='ocr_par' dir='ltr' id='par_1_33' title="bbox 937 2016 1405 2382">
     <span class='ocr_line' id='line_1_92' title="bbox 941 2016 1309 2057; baseline -0.005 -9"><span class='ocrx_word' id='word_1_226' title='bbox 941 2020 1019 2054; x_wconf 84' lang='lat' dir='ltr'>Ave,</span> <span class='ocrx_word' id='word_1_227' title='bbox 1044 2025 1106 2057; x_wconf 85' lang='lat' dir='ltr'>qua</span> <span class='ocrx_word' id='word_1_228' title='bbox 1131 2016 1309 2055; x_wconf 82' lang='lat' dir='ltr'>disponitur</span> 
     </span>
     <span class='ocr_line' id='line_1_93' title="bbox 983 2063 1246 2101; baseline -0.004 -7"><span class='ocrx_word' id='word_1_229' title='bbox 983 2063 1103 2094; x_wconf 80' lang='lat' dir='ltr'>mansio</span> <span class='ocrx_word' id='word_1_230' title='bbox 1128 2063 1246 2101; x_wconf 89' lang='lat' dir='ltr'>electis,</span> 
     </span>
     <span class='ocr_line' id='line_1_94' title="bbox 937 2108 1267 2150; baseline -0.009 -8"><span class='ocrx_word' id='word_1_231' title='bbox 937 2112 1074 2150; x_wconf 71' lang='lat' dir='ltr'>Quorum</span> <span class='ocrx_word' id='word_1_232' title='bbox 1098 2108 1161 2141; x_wconf 77' lang='lat' dir='ltr'>fuit.</span> <span class='ocrx_word' id='word_1_233' title='bbox 1183 2109 1267 2141; x_wconf 77' lang='lat' dir='ltr'>actio</span> 
     </span>
     <span class='ocr_line' id='line_1_95' title="bbox 986 2156 1405 2199; baseline 0 -11"><span class='ocrx_word' id='word_1_234' title='bbox 986 2160 1134 2197; x_wconf 83' lang='lat' dir='ltr'>prompta</span> <span class='ocrx_word' id='word_1_235' title='bbox 1157 2156 1191 2187; x_wconf 89' lang='lat' dir='ltr'>in</span> <span class='ocrx_word' id='word_1_236' title='bbox 1214 2158 1405 2199; x_wconf 85' lang='lat' dir='ltr'>praeceptis,</span> 
     </span>
     <span class='ocr_line' id='line_1_96' title="bbox 938 2204 1280 2243; baseline -0.003 -7"><span class='ocrx_word' id='word_1_237' title='bbox 938 2204 999 2236; x_wconf 83' lang='lat' dir='ltr'>His</span> <span class='ocrx_word' id='word_1_238' title='bbox 1025 2204 1086 2235; x_wconf 80' lang='lat' dir='ltr'>erit</span> <span class='ocrx_word' id='word_1_239' title='bbox 1109 2206 1280 2243; x_wconf 81' lang='lat' dir='ltr'>propterea</span> 
     </span>
     <span class='ocr_line' id='line_1_97' title="bbox 985 2250 1253 2291; baseline -0.007 -9"><span class='ocrx_word' id='word_1_240' title='bbox 985 2251 1074 2291; x_wconf 82' lang='lat' dir='ltr'>regia</span> <span class='ocrx_word' id='word_1_241' title='bbox 1097 2250 1253 2290; x_wconf 81' lang='lat' dir='ltr'>caelestis,</span> 
     </span>
     <span class='ocr_line' id='line_1_98' title="bbox 943 2297 1321 2338; baseline 0.003 -9"><span class='ocrx_word' id='word_1_242' title='bbox 943 2298 1059 2338; x_wconf 82' lang='lat' dir='ltr'>Quibus</span> <span class='ocrx_word' id='word_1_243' title='bbox 1085 2300 1134 2328; x_wconf 86' lang='lat' dir='ltr'>est</span> <span class='ocrx_word' id='word_1_244' title='bbox 1156 2297 1321 2330; x_wconf 82' lang='lat' dir='ltr'>absconsio</span> 
     </span>
     <span class='ocr_line' id='line_1_99' title="bbox 986 2344 1340 2382; baseline 0.003 -5"><span class='ocrx_word' id='word_1_245' title='bbox 986 2344 1090 2377; x_wconf 85' lang='lat' dir='ltr'>cordis</span> <span class='ocrx_word' id='word_1_246' title='bbox 1114 2344 1214 2376; x_wconf 85' lang='lat' dir='ltr'>bonus</span> <span class='ocrx_word' id='word_1_247' title='bbox 1238 2346 1340 2382; x_wconf 80' lang='lat' dir='ltr'>testiS.</span> 
     </span>
    </p>
   </div>
  </div>
 </body>
</html>
