1650 2612
697 100 928 136 -56—

188 200 242 231 41.
269 199 348 238 Ave,
373 199 455 240 Iesu,
482 206 543 229 vox
565 196 681 235 fideliS,
859 196 914 227 46.
940 195 1019 236 Ave,
1044 194 1102 225 sub
1127 194 1215 225 cuius
1239 191 1383 223 manibus

268 245 364 284 Quem
391 244 525 283 despicit
546 242 683 274 infidelis
940 241 1100 274 Subicitur
1124 245 1156 271 et
1179 239 1313 281 pedibus

315 290 464 331 Sepultus
488 291 521 321 in
547 289 643 329 vitiiS,
987 288 1070 320 Gens
1095 288 1196 319 amica
1219 285 1343 327 proelii,

267 338 313 369 Te
337 337 408 370 sitio
434 336 550 368 fontem
577 335 689 373 vivum,
938 334 1005 365 Fac
1027 342 1083 365 nos
1108 336 1178 365 tuos
1202 334 1368 370 amatores,

268 384 396 425 Bepara
420 392 470 414 me
493 383 656 422 fugitivum
937 381 983 413 Ut
1007 381 1157 412 caelestes
1182 386 1379 419 possessores

315 431 498 462 Sanctorum
525 428 656 460 deliciis,
984 425 1116 459 Efficias
1138 426 1255 466 gaudii.

187 507 242 539 42.
268 506 347 546 Ave,
373 504 454 543 Iesu,
479 512 572 535 verus
597 503 699 543 homo,
857 494 912 524 47-
938 493 1017 532 Ave,
1043 492 1126 544 IOSU3
1153 501 1206 530 qm
1229 490 1408 522 landandus

267 552 326 590 Qui
352 551 516 591 deceptum
541 550 644 582 Adam
670 558 762 588 pomo
937 539 981 570 Es
1005 549 1025 571 a
1049 538 1150 577 noblS,
1177 547 1237 578 quo
1260 538 1430 591 salv-andus

311 597 449 630 Reducis
474 598 514 629 ad
539 605 680 637 superos,
983 585 1122 617 Mundus
1147 588 1217 616 erat
1239 585 1393 637 Ρθΐᾷῑῒῠὲ,

267 644 415 677 Paradisi
440 644 609 684 voluptate,
935 633 994 672 Tu,
1020 640 1077 685 l'ffi}
1101 641 1210 672 regum
1235 632 1412 663 domum-101*

270 692 380 723 vultus
403 691 449 721 tui
475 691 618 722 claritate
937 680 1089 712 Veritatis
1115 681 1301 732 et.amator3

311 736 419 770 Refice
442 746 499 769 nos
524 738 664 769 miseros,
983 727 1028 758 ΕΞ
1050 735 1069 757 a
1092 726 1182 757 UOblS
1208 728 1361 765 COgnltUS-

185 815 240 846 43¹
267 814 345 854 Ave,
371 813 452 854 Iesu,
479 815 584 844 rector
607 820 704 853 meus,
854 793 910 826 48.
936 795 1014 832 Ave,
1040 792 1093 831 qui
1117 801 1174 823 nos
1198 791 1361 823 redemisti

186 1122 241 1152 44.

936 839 979 870 Et
1002 839 1035 870 in
1061 839 1148 870 cunis
1172 838 1297 870 iacuisti

985 887 1149 925 Parvoque
1171 885 1369 926 praesaepio‚

935 932 1051 964 Frater
1074 934 1181 963 noster
1206 931 1332 963 effectus
1359 941 1392 963 es

937 980 999 1011 Per
1018 987 1152 1021 carnem,
1172 979 1297 1019 quando
1313 982 1405 1010 natus
1424 988 1456 1010 es

983 1026 1099 1057 Divino
1124 1026 1265 1057 consiliO.

269 860 366 900 Caeli,
391 862 496 891 terrae
518 868 615 890 verax
638 858 735 897 Deus,

315 906 373 945 Qui
399 906 537 937 custodis
562 905 672 944 Israel,

269 953 386 985 Contra
409 961 495 983 meos
519 953 625 984 hostes
649 955 766 992 pugnet

268 1001 296 1031 A
321 1003 353 1031 te
376 999 489 1030 missus
512 998 651 1030 Michael

312 1046 591 1085 Arohangelusque
616 1044 754 1076 Gabriel.

856 1092 912 1124 49.
937 1092 1016 1131 Ave,
1042 1090 1124 1130 Iesu,
1150 1092 1201 1130 qui
1229 1099 1399 1130 congregas

938 1138 1041 1169 Bonos
1068 1143 1099 1168 et
1122 1138 1221 1169 malos
1246 1145 1392 1177 segregas

984 1186 1013 1216 A
1038 1186 1092 1214 tuo
1118 1183 1284 1223 consortio,

936 1231 986 1262 Ne
1009 1238 1059 1262 me
1082 1231 1161 1261 velis
1184 1231 1337 1270 deputare

938 1278 1017 1310 Cum
1039 1277 1146 1316 impiis
1170 1280 1202 1308 et
1227 1277 1378 1309 damnare

984 1324 1162 1356 Tremendo
1187 1324 1314 1356 iudicio.

857 1382 910 1413 50.
937 1382 1016 1420 Ave,
1042 1380 1124 1420 Iesu,
1150 1379 1197 1411 fili
1221 1379 1292 1420 Dei,

267 1122 346 1160 Ave,
370 1121 443 1152 Iesu
467 1120 630 1160 gloriosus,

267 1167 369 1199 Homo
395 1165 496 1197 forma
519 1167 677 1206 speciosus

314 1215 396 1246 Prae
420 1212 493 1244 filiis
518 1212 686 1253 hominum,

268 1261 329 1292 Per
353 1263 385 1291 te
409 1260 485 1290 mihi
510 1260 688 1291 remittatur

267 1308 317 1338 Ac
343 1308 382 1338 de
407 1307 501 1337 corde
526 1306 723 1345 propellatur

313 1353 486 1384 Multitudo
513 1352 685 1384 criminum.

184 1429 241 1461 45.
267 1429 345 1466 Ave,
372 1428 424 1466 qui
449 1437 505 1460 nos
529 1426 681 1459 laetificas
937 1428 1101 1466 Miserere,
1124 1435 1247 1466 precor,
1273 1427 1333 1457 mei

264 1474 309 1508 Et
333 1474 473 1506 exaltans
497 1472 654 1514 glorificas
984 1476 1046 1507 Per
1069 1473 1329 1514 misericordiam,

312 1522 348 1553 In
374 1529 510 1559 superna
534 1520 649 1561 patria,
937 1521 1062 1552 Munda
1099 1521 1249 1552 mundum
1285 1520 1368 1550 hunc
1403 1521 1462 1552 im-

265 1568 389 1599 Donum
413 1567 540 1607 benigni
565 1567 694 1607 spiritus
1236 1567 1384 1598 mundum

265 1614 458 1646 Transmitte
481 1614 571 1645 nobis
592 1614 722 1645 caelitus
935 1613 980 1645 Et
1004 1622 1057 1644 cor
1081 1613 1114 1644 in
1138 1622 1189 1644 me
1214 1622 1287 1645 crea
1311 1614 1460 1645 mundum

311 1662 388 1701 Tua,
413 1662 495 1700 Iesu,
522 1661 632 1701 grat-ia.
982 1660 1122 1691 visitans
1146 1669 1205 1700 per
1228 1660 1373 1701 gratiam.

553 1745 745 1777 Secunda
768 1745 1075 1785 Quinquagena.

185 1812 215 1844 1.
241 1813 320 1851 Ave,
347 1810 400 1851 qui
423 1819 486 1842 non
510 1810 666 1851 gloriaris,
854 1812 886 1843 3.
910 1811 990 1850 Ave,
1016 1810 1098 1852 iesu,
1125 1819 1182 1841 nos
1208 1810 1296 1850 eripe

239 1859 311 1890 Iesu
339 1857 473 1896 Christe,
499 1866 558 1889 nee
580 1858 709 1889 laetaris
913 1857 962 1889 Ab
987 1856 1129 1888 hostibus
1155 1860 1187 1888 et
1209 1858 1335 1896 suscipe

284 1905 390 1936 Morte
413 1905 622 1943 pereuntium,
957 1904 996 1935 In
1020 1906 1149 1935 aeterna
1172 1904 1290 1947 requie,

237 1951 306 1983 Fac
327 1959 384 1983 nos
408 1950 468 1981 tibi
494 1950 654 1988 oboedire,
911 1949 1036 1981 Laudes
1062 1950 1137 1981 audi
1162 1959 1231 1982 cum
1255 1952 1414 1992 precibus,

238 1998 284 2030 Ut
306 1997 461 2037 possimus
486 1997 653 2036 pervenire
909 1996 992 2035 Quas
1016 2000 1089 2028 tuae
1111 2006 1262 2036 praesens
1287 1999 1415 2031 auribus

285 2045 338 2076 Ad
361 2048 447 2075 tuum
474 2043 672 2077 consortium.
957 2043 1060 2076 Offero
1084 2044 1279 2076 clementiae.

181 2111 211 2141 2.
237 2110 316 2152 Ave,
343 2110 425 2148 Iesu,
452 2109 504 2148 qui
532 2109 650 2141 deseris
852 2110 884 2141 4.
910 2111 990 2148 Ave,
1013 2108 1096 2146 iesu,
1122 2109 1174 2148 qui
1200 2111 1322 2149 parasti

238 2156 408 2196 SuperbOS‚
433 2155 525 2186 nobis
547 2156 671 2187 miseris
910 2156 985 2187 Tibi
1007 2163 1129 2195 pennas
1151 2159 1185 2186 et
1207 2156 1321 2188 volasti

285 2203 351 2235 Fac
375 2210 466 2241 opem
491 2203 645 2241 celeriter,
960 2201 1048 2234 Caeli
1071 2205 1182 2241 petens
1208 2204 1351 2244 gloriam,

238 2251 284 2282 Te
307 2249 475 2282 Dominum
499 2250 690 2290 invocamus,
911 2250 959 2281 Tu
985 2250 1169 2281 daemonum
1194 2254 1422 2289 temptamenta

237 2297 299 2329 Pro
324 2296 462 2336 peccatis
488 2305 652 2328 exoramus
910 2296 1074 2336 Superasti
1097 2294 1300 2330 fraudulenta

284 2346 331 2377 Te
355 2344 453 2376 Deum
479 2344 650 2375 humiliter.
958 2344 1020 2376 Per
1045 2346 1238 2383 assumptum
1263 2344 1431 2381 hominem.
