<?xml version="1.0" encoding="UTF-8"?>
<!DOCTYPE html PUBLIC "-//W3C//DTD XHTML 1.0 Transitional//EN"
    "http://www.w3.org/TR/xhtml1/DTD/xhtml1-transitional.dtd">
<html xmlns="http://www.w3.org/1999/xhtml" xml:lang="en" lang="en">
 <head>
  <title>
</title>
<meta http-equiv="Content-Type" content="text/html;charset=utf-8" />
  <meta name='ocr-system' content='tesseract 3.04.00' />
  <meta name='ocr-capabilities' content='ocr_page ocr_carea ocr_par ocr_line ocrx_word'/>
</head>
<body>
  <div class='ocr_page' id='page_1' title='image "./analectahymnica35drevuoft_00171.png"; bbox 0 0 1650 2612; ppageno 0'>
   <div class='ocr_carea' id='block_1_1' title="bbox 710 120 963 156">
    <p class='ocr_par' dir='ltr' id='par_1_1' title="bbox 710 120 963 156">
     <span class='ocr_line' id='line_1_1' title="bbox 710 120 963 156; baseline 0 -11"><span class='ocrx_word' id='word_1_1' title='bbox 710 120 963 156; x_wconf 60' lang='lat'>—153-„</span> 
     </span>
    </p>
   </div>
   <div class='ocr_carea' id='block_1_2' title="bbox 191 211 1484 438">
    <p class='ocr_par' dir='ltr' id='par_1_2' title="bbox 191 211 1484 438">
     <span class='ocr_line' id='line_1_2' title="bbox 195 211 1484 251; baseline -0.002 -10"><span class='ocrx_word' id='word_1_2' title='bbox 195 212 240 248; x_wconf 88' lang='lat'>23,</span> <span class='ocrx_word' id='word_1_3' title='bbox 257 213 275 242; x_wconf 91' lang='lat'>3</span> <span class='ocrx_word' id='word_1_4' title='bbox 295 216 382 242; x_wconf 75' lang='lat' dir='ltr'>cessit</span> <span class='ocrx_word' id='word_1_5' title='bbox 401 217 537 251; x_wconf 77' lang='lat' dir='ltr'>strepitus</span> <span class='ocrx_word' id='word_1_6' title='bbox 551 216 583 242; x_wconf 93' lang='lat' dir='ltr'>B.</span> <span class='ocrx_word' id='word_1_7' title='bbox 597 229 633 234; x_wconf 95' lang='lat'>——</span> <span class='ocrx_word' id='word_1_8' title='bbox 648 212 692 247; x_wconf 89' lang='lat'>23,</span> <span class='ocrx_word' id='word_1_9' title='bbox 706 213 725 241; x_wconf 84' lang='lat'>4</span> <span class='ocrx_word' id='word_1_10' title='bbox 744 215 846 250; x_wconf 88' lang='lat' dir='ltr'>populi</span> <span class='ocrx_word' id='word_1_11' title='bbox 859 214 988 241; x_wconf 73' lang='lat' dir='ltr'>furentis.</span> <span class='ocrx_word' id='word_1_12' title='bbox 1003 213 1035 239; x_wconf 91' lang='lat' dir='ltr'>B.</span> <span class='ocrx_word' id='word_1_13' title='bbox 1050 227 1087 231; x_wconf 90' lang='lat'>-—</span> <span class='ocrx_word' id='word_1_14' title='bbox 1100 211 1145 246; x_wconf 88' lang='lat'>25,</span> <span class='ocrx_word' id='word_1_15' title='bbox 1160 212 1177 240; x_wconf 88' lang='grc'>5</span> <span class='ocrx_word' id='word_1_16' title='bbox 1190 213 1226 240; x_wconf 84' lang='lat' dir='ltr'>ad</span> <span class='ocrx_word' id='word_1_17' title='bbox 1240 214 1319 249; x_wconf 81' lang='lat' dir='ltr'>pacis</span> <span class='ocrx_word' id='word_1_18' title='bbox 1334 211 1484 247; x_wconf 67' lang='lat' dir='ltr'>applicans</span> 
     </span>
     <span class='ocr_line' id='line_1_3' title="bbox 194 248 1483 288; baseline -0.003 -8"><span class='ocrx_word' id='word_1_19' title='bbox 194 253 226 280; x_wconf 89' lang='lat' dir='ltr'>B.</span> <span class='ocrx_word' id='word_1_20' title='bbox 244 267 279 271; x_wconf 96' lang='lat'>—</span> <span class='ocrx_word' id='word_1_21' title='bbox 293 250 338 285; x_wconf 84' lang='lat'>25,</span> <span class='ocrx_word' id='word_1_22' title='bbox 353 250 370 279; x_wconf 87' lang='lat'>6</span> <span class='ocrx_word' id='word_1_23' title='bbox 386 256 500 288; x_wconf 76' lang='lat' dir='ltr'>port-um</span> <span class='ocrx_word' id='word_1_24' title='bbox 521 256 707 288; x_wconf 73' lang='lat' dir='ltr'><strong>praeoptatae</strong></span> <span class='ocrx_word' id='word_1_25' title='bbox 720 253 754 279; x_wconf 83' lang='grc' dir='ltr'>Β.</span> <span class='ocrx_word' id='word_1_26' title='bbox 768 267 805 271; x_wconf 83' lang='grc'><strong>-</strong></span> <span class='ocrx_word' id='word_1_27' title='bbox 818 250 864 282; x_wconf 84' lang='grc'>26,</span> <span class='ocrx_word' id='word_1_28' title='bbox 880 249 899 278; x_wconf 97' lang='lat'><strong>3</strong></span> <span class='ocrx_word' id='word_1_29' title='bbox 910 250 1019 287; x_wconf 77' lang='lat' dir='ltr'>gaudia</span> <span class='ocrx_word' id='word_1_30' title='bbox 1031 251 1064 277; x_wconf 78' lang='grc' dir='ltr'>Β,</span> <span class='ocrx_word' id='word_1_31' title='bbox 1079 265 1114 269; x_wconf 90' lang='lat'>—</span> <span class='ocrx_word' id='word_1_32' title='bbox 1127 248 1171 284; x_wconf 91' lang='lat'>27,</span> <span class='ocrx_word' id='word_1_33' title='bbox 1190 250 1203 277; x_wconf 86' lang='lat'>1</span> <span class='ocrx_word' id='word_1_34' title='bbox 1218 252 1282 278; x_wconf 73' lang='lat' dir='ltr'>Ave</span> <span class='ocrx_word' id='word_1_35' title='bbox 1291 251 1348 277; x_wconf 90' lang='lat' dir='ltr'>Dei</span> <span class='ocrx_word' id='word_1_36' title='bbox 1361 248 1483 276; x_wconf 77' lang='lat' dir='ltr'>Domini</span> 
     </span>
     <span class='ocr_line' id='line_1_4' title="bbox 194 285 1482 325; baseline -0.005 -8"><span class='ocrx_word' id='word_1_37' title='bbox 194 291 228 317; x_wconf 93' lang='grc' dir='ltr'>Β.</span> <span class='ocrx_word' id='word_1_38' title='bbox 248 303 283 308; x_wconf 91' lang='lat'>—</span> <span class='ocrx_word' id='word_1_39' title='bbox 304 288 349 323; x_wconf 79' lang='lat'>27,</span> <span class='ocrx_word' id='word_1_40' title='bbox 370 288 387 316; x_wconf 87' lang='lat'>2</span> <span class='ocrx_word' id='word_1_41' title='bbox 407 292 534 325; x_wconf 75' lang='lat' dir='ltr'>genitrix</span> <span class='ocrx_word' id='word_1_42' title='bbox 552 291 638 317; x_wconf 70' lang='lat' dir='ltr'>beata</span> <span class='ocrx_word' id='word_1_43' title='bbox 652 290 683 317; x_wconf 89' lang='lat' dir='ltr'>B.</span> <span class='ocrx_word' id='word_1_44' title='bbox 700 304 735 308; x_wconf 93' lang='lat'>—</span> <span class='ocrx_word' id='word_1_45' title='bbox 751 287 795 323; x_wconf 83' lang='lat'>34,</span> <span class='ocrx_word' id='word_1_46' title='bbox 817 287 835 316; x_wconf 89' lang='lat'><strong>3</strong></span> <span class='ocrx_word' id='word_1_47' title='bbox 854 291 939 316; x_wconf 83' lang='lat' dir='ltr'>natus</span> <span class='ocrx_word' id='word_1_48' title='bbox 954 289 985 315; x_wconf 92' lang='lat' dir='ltr'>B.</span> <span class='ocrx_word' id='word_1_49' title='bbox 1002 302 1040 306; x_wconf 91' lang='lat'><strong>—</strong></span> <span class='ocrx_word' id='word_1_50' title='bbox 1052 285 1098 322; x_wconf 83' lang='lat'>37,</span> <span class='ocrx_word' id='word_1_51' title='bbox 1117 285 1135 315; x_wconf 90' lang='lat'><strong>3</strong></span> <span class='ocrx_word' id='word_1_52' title='bbox 1153 291 1244 315; x_wconf 79' lang='lat' dir='ltr'>mater</span> <span class='ocrx_word' id='word_1_53' title='bbox 1262 288 1341 315; x_wconf 77' lang='lat' dir='ltr'>facta</span> <span class='ocrx_word' id='word_1_54' title='bbox 1355 295 1385 314; x_wconf 84' lang='lat' dir='ltr'>es</span> <span class='ocrx_word' id='word_1_55' title='bbox 1398 286 1431 313; x_wconf 92' lang='lat' dir='ltr'>B.</span> <span class='ocrx_word' id='word_1_56' title='bbox 1445 298 1482 303; x_wconf 93' lang='lat'>—-</span> 
     </span>
     <span class='ocr_line' id='line_1_5' title="bbox 193 319 1483 360; baseline -0.004 -5"><span class='ocrx_word' id='word_1_57' title='bbox 193 326 267 360; x_wconf 82' lang='lat'>37‚4</span> <span class='ocrx_word' id='word_1_58' title='bbox 290 329 382 354; x_wconf 81' lang='lat' dir='ltr'><strong>nostri</strong></span> <span class='ocrx_word' id='word_1_59' title='bbox 401 328 558 355; x_wconf 79' lang='lat' dir='ltr'>salvatoris</span> <span class='ocrx_word' id='word_1_60' title='bbox 579 328 611 354; x_wconf 90' lang='lat' dir='ltr'>B.</span> <span class='ocrx_word' id='word_1_61' title='bbox 633 342 667 346; x_wconf 90' lang='lat'><strong>—</strong></span> <span class='ocrx_word' id='word_1_62' title='bbox 688 324 762 360; x_wconf 75' lang='lat' dir='ltr'>38,ss</span> <span class='ocrx_word' id='word_1_63' title='bbox 782 327 865 353; x_wconf 84' lang='lat' dir='ltr'>iniici</span> <span class='ocrx_word' id='word_1_64' title='bbox 884 326 917 352; x_wconf 92' lang='lat' dir='ltr'>B.</span> <span class='ocrx_word' id='word_1_65' title='bbox 937 339 974 344; x_wconf 89' lang='lat'>—</span> <span class='ocrx_word' id='word_1_66' title='bbox 994 324 1040 359; x_wconf 91' lang='lat'>40,</span> <span class='ocrx_word' id='word_1_67' title='bbox 1060 324 1077 351; x_wconf 94' lang='lat'>7</span> <span class='ocrx_word' id='word_1_68' title='bbox 1098 325 1274 352; x_wconf 81' lang='lat' dir='ltr'>succendens</span> <span class='ocrx_word' id='word_1_69' title='bbox 1293 326 1328 352; x_wconf 85' lang='lat' dir='ltr'>A.</span> <span class='ocrx_word' id='word_1_70' title='bbox 1349 338 1384 343; x_wconf 89' lang='lat'>—</span> <span class='ocrx_word' id='word_1_71' title='bbox 1403 320 1448 356; x_wconf 84' lang='lat'>43,</span> <span class='ocrx_word' id='word_1_72' title='bbox 1463 319 1483 348; x_wconf 81' lang='lat'>4</span> 
     </span>
     <span class='ocr_line' id='line_1_6' title="bbox 192 360 1483 399; baseline -0.005 -7"><span class='ocrx_word' id='word_1_73' title='bbox 192 366 286 392; x_wconf 87' lang='lat' dir='ltr'>victus</span> <span class='ocrx_word' id='word_1_74' title='bbox 306 363 482 392; x_wconf 85' lang='lat' dir='ltr'>Philistaeus</span> <span class='ocrx_word' id='word_1_75' title='bbox 501 365 533 392; x_wconf 94' lang='lat' dir='ltr'>B.</span> <span class='ocrx_word' id='word_1_76' title='bbox 548 379 586 383; x_wconf 88' lang='lat'>-—</span> <span class='ocrx_word' id='word_1_77' title='bbox 604 363 650 397; x_wconf 80' lang='lat'>45,</span> <span class='ocrx_word' id='word_1_78' title='bbox 666 363 679 391; x_wconf 90' lang='lat'>1</span> <span class='ocrx_word' id='word_1_79' title='bbox 702 364 803 399; x_wconf 87' lang='lat' dir='ltr'>populi</span> <span class='ocrx_word' id='word_1_80' title='bbox 821 364 854 391; x_wconf 89' lang='lat' dir='ltr'>B.</span> <span class='ocrx_word' id='word_1_81' title='bbox 868 377 906 382; x_wconf 91' lang='lat'>—</span> <span class='ocrx_word' id='word_1_82' title='bbox 925 363 1007 390; x_wconf 76' lang='lat' dir='ltr'>Naeh</span> <span class='ocrx_word' id='word_1_83' title='bbox 1021 362 1077 390; x_wconf 81' lang='lat' dir='ltr'>Str.</span> <span class='ocrx_word' id='word_1_84' title='bbox 1091 362 1127 390; x_wconf 89' lang='lat'>50</span> <span class='ocrx_word' id='word_1_85' title='bbox 1146 363 1247 390; x_wconf 83' lang='lat' dir='ltr'>fahren</span> <span class='ocrx_word' id='word_1_86' title='bbox 1260 363 1312 391; x_wconf 84' lang='lat' dir='ltr'>BN</span> <span class='ocrx_word' id='word_1_87' title='bbox 1330 360 1407 389; x_wconf 84' lang='lat' dir='ltr'>noch</span> <span class='ocrx_word' id='word_1_88' title='bbox 1425 360 1483 386; x_wconf 82' lang='lat' dir='ltr'>fort</span> 
     </span>
     <span class='ocr_line' id='line_1_7' title="bbox 191 400 1059 438; baseline -0.003 -9"><span class='ocrx_word' id='word_1_89' title='bbox 191 404 246 429; x_wconf 87' lang='lat' dir='ltr'>mit</span> <span class='ocrx_word' id='word_1_90' title='bbox 265 402 419 437; x_wconf 82' lang='lat' dir='ltr'>folgenden</span> <span class='ocrx_word' id='word_1_91' title='bbox 439 403 504 429; x_wconf 79' lang='lat' dir='ltr'>ffinf</span> <span class='ocrx_word' id='word_1_92' title='bbox 521 402 794 438; x_wconf 82' lang='lat' dir='ltr'>(beziehungsweise</span> <span class='ocrx_word' id='word_1_93' title='bbox 812 400 885 435; x_wconf 84' lang='lat' dir='ltr'>vier)</span> <span class='ocrx_word' id='word_1_94' title='bbox 905 400 1059 435; x_wconf 85' lang='lat' dir='ltr'>Strophen:</span> 
     </span>
    </p>
   </div>
   <div class='ocr_carea' id='block_1_3' title="bbox 444 455 1200 606">
    <p class='ocr_par' dir='ltr' id='par_1_3' title="bbox 444 455 1200 606">
     <span class='ocr_line' id='line_1_8' title="bbox 444 455 1144 494; baseline -0.001 -11"><span class='ocrx_word' id='word_1_95' title='bbox 444 455 467 483; x_wconf 92' lang='grc'>1,</span> <span class='ocrx_word' id='word_1_96' title='bbox 487 460 558 492; x_wconf 85' lang='lat' dir='ltr'>Ave,</span> <span class='ocrx_word' id='word_1_97' title='bbox 578 460 669 494; x_wconf 86' lang='lat' dir='ltr'>virgo,</span> <span class='ocrx_word' id='word_1_98' title='bbox 690 466 831 493; x_wconf 85' lang='lat' dir='ltr'>generans</span> <span class='ocrx_word' id='word_1_99' title='bbox 852 458 941 484; x_wconf 85' lang='lat' dir='ltr'>moris</span> <span class='ocrx_word' id='word_1_100' title='bbox 962 457 1052 483; x_wconf 78' lang='lat' dir='ltr'>fracto</span> <span class='ocrx_word' id='word_1_101' title='bbox 1073 458 1144 489; x_wconf 89' lang='lat' dir='ltr'>iure,</span> 
     </span>
     <span class='ocr_line' id='line_1_9' title="bbox 487 496 1137 532; baseline -0.005 -9"><span class='ocrx_word' id='word_1_102' title='bbox 487 497 532 523; x_wconf 87' lang='lat' dir='ltr'>De</span> <span class='ocrx_word' id='word_1_103' title='bbox 551 504 609 532; x_wconf 90' lang='lat' dir='ltr'>qua</span> <span class='ocrx_word' id='word_1_104' title='bbox 627 497 711 531; x_wconf 85' lang='lat' dir='ltr'>gigas</span> <span class='ocrx_word' id='word_1_105' title='bbox 730 496 839 531; x_wconf 85' lang='lat' dir='ltr'>prodiit</span> <span class='ocrx_word' id='word_1_106' title='bbox 856 496 989 530; x_wconf 84' lang='lat' dir='ltr'>geminae</span> <span class='ocrx_word' id='word_1_107' title='bbox 1008 496 1137 527; x_wconf 86' lang='lat' dir='ltr'>naturae,</span> 
     </span>
     <span class='ocr_line' id='line_1_10' title="bbox 489 533 1130 566; baseline -0.005 -5"><span class='ocrx_word' id='word_1_108' title='bbox 489 534 534 561; x_wconf 86' lang='lat' dir='ltr'>Tu</span> <span class='ocrx_word' id='word_1_109' title='bbox 554 535 673 561; x_wconf 83' lang='lat' dir='ltr'>miserta</span> <span class='ocrx_word' id='word_1_110' title='bbox 691 534 806 560; x_wconf 83' lang='lat' dir='ltr'>miseris</span> <span class='ocrx_word' id='word_1_111' title='bbox 827 533 948 559; x_wconf 82' lang='lat' dir='ltr'>subveni</span> <span class='ocrx_word' id='word_1_112' title='bbox 969 540 1130 566; x_wconf 80' lang='lat' dir='ltr'>pressurae,</span> 
     </span>
     <span class='ocr_line' id='line_1_11' title="bbox 488 569 1200 606; baseline -0.006 -8"><span class='ocrx_word' id='word_1_113' title='bbox 488 572 548 598; x_wconf 84' lang='lat' dir='ltr'>Nos</span> <span class='ocrx_word' id='word_1_114' title='bbox 570 573 601 598; x_wconf 91' lang='lat' dir='ltr'>in</span> <span class='ocrx_word' id='word_1_115' title='bbox 620 571 733 598; x_wconf 86' lang='lat' dir='ltr'>laudem</span> <span class='ocrx_word' id='word_1_116' title='bbox 755 571 903 606; x_wconf 83' lang='lat' dir='ltr'>proferens</span> <span class='ocrx_word' id='word_1_117' title='bbox 923 569 1034 604; x_wconf 79' lang='lat' dir='ltr'>gloriae</span> <span class='ocrx_word' id='word_1_118' title='bbox 1052 571 1200 596; x_wconf 86' lang='lat' dir='ltr'>venturae.</span> 
     </span>
    </p>
   </div>
   <div class='ocr_carea' id='block_1_4' title="bbox 442 615 1205 763">
    <p class='ocr_par' dir='ltr' id='par_1_4' title="bbox 442 615 1205 763">
     <span class='ocr_line' id='line_1_12' title="bbox 442 615 1128 653; baseline -0.003 -9"><span class='ocrx_word' id='word_1_119' title='bbox 442 615 468 644; x_wconf 87' lang='lat'>2.</span> <span class='ocrx_word' id='word_1_120' title='bbox 489 618 559 650; x_wconf 83' lang='lat' dir='ltr'>Ave,</span> <span class='ocrx_word' id='word_1_121' title='bbox 582 619 674 645; x_wconf 85' lang='lat' dir='ltr'><strong>nostri</strong></span> <span class='ocrx_word' id='word_1_122' title='bbox 693 618 808 653; x_wconf 81' lang='lat' dir='ltr'>generis</span> <span class='ocrx_word' id='word_1_123' title='bbox 827 619 929 651; x_wconf 81' lang='lat' dir='ltr'>potens</span> <span class='ocrx_word' id='word_1_124' title='bbox 950 618 980 642; x_wconf 88' lang='lat' dir='ltr'>et</span> <span class='ocrx_word' id='word_1_125' title='bbox 997 618 1128 651; x_wconf 83' lang='lat' dir='ltr'>patrona,</span> 
     </span>
     <span class='ocr_line' id='line_1_13' title="bbox 488 653 1161 690; baseline -0.006 -7"><span class='ocrx_word' id='word_1_126' title='bbox 488 655 582 690; x_wconf 80' lang='lat' dir='ltr'>Super</span> <span class='ocrx_word' id='word_1_127' title='bbox 602 658 706 682; x_wconf 85' lang='lat' dir='ltr'>cuncta</span> <span class='ocrx_word' id='word_1_128' title='bbox 724 654 876 690; x_wconf 87' lang='lat' dir='ltr'>possidens</span> <span class='ocrx_word' id='word_1_129' title='bbox 898 654 1057 689; x_wconf 81' lang='lat' dir='ltr'>gratiarum</span> <span class='ocrx_word' id='word_1_130' title='bbox 1077 653 1161 686; x_wconf 82' lang='lat' dir='ltr'>dona,</span> 
     </span>
     <span class='ocr_line' id='line_1_14' title="bbox 489 690 1139 727; baseline -0.005 -7"><span class='ocrx_word' id='word_1_131' title='bbox 489 694 561 720; x_wconf 83' lang='lat' dir='ltr'>Tuis</span> <span class='ocrx_word' id='word_1_132' title='bbox 582 694 691 720; x_wconf 75' lang='lat' dir='ltr'>sanetis</span> <span class='ocrx_word' id='word_1_133' title='bbox 711 693 821 719; x_wconf 88' lang='lat' dir='ltr'>meritis</span> <span class='ocrx_word' id='word_1_134' title='bbox 842 691 1033 727; x_wconf 80' lang='lat' dir='ltr'><strong>precibusque</strong></span> <span class='ocrx_word' id='word_1_135' title='bbox 1056 690 1139 723; x_wconf 72' lang='lat' dir='ltr'>dona,</span> 
     </span>
     <span class='ocr_line' id='line_1_15' title="bbox 489 729 1205 763; baseline -0.006 -5"><span class='ocrx_word' id='word_1_136' title='bbox 489 731 534 758; x_wconf 88' lang='lat' dir='ltr'>Ne</span> <span class='ocrx_word' id='word_1_137' title='bbox 553 739 633 758; x_wconf 88' lang='lat' dir='ltr'>mens</span> <span class='ocrx_word' id='word_1_138' title='bbox 654 733 754 757; x_wconf 78' lang='lat' dir='ltr'>nostra</span> <span class='ocrx_word' id='word_1_139' title='bbox 773 729 869 756; x_wconf 83' lang='lat' dir='ltr'>subito</span> <span class='ocrx_word' id='word_1_140' title='bbox 891 730 930 755; x_wconf 84' lang='lat' dir='ltr'>sit</span> <span class='ocrx_word' id='word_1_141' title='bbox 949 730 980 755; x_wconf 91' lang='lat' dir='ltr'>in</span> <span class='ocrx_word' id='word_1_142' title='bbox 1000 729 1086 755; x_wconf 86' lang='lat' dir='ltr'>malis</span> <span class='ocrx_word' id='word_1_143' title='bbox 1107 736 1205 763; x_wconf 88' lang='lat' dir='ltr'>prona.</span> 
     </span>
    </p>
   </div>
   <div class='ocr_carea' id='block_1_5' title="bbox 442 775 1194 917">
    <p class='ocr_par' dir='ltr' id='par_1_5' title="bbox 442 775 1194 917">
     <span class='ocr_line' id='line_1_16' title="bbox 442 775 1126 813; baseline -0.006 -8"><span class='ocrx_word' id='word_1_144' title='bbox 442 775 467 805; x_wconf 84' lang='lat'>3.</span> <span class='ocrx_word' id='word_1_145' title='bbox 488 779 561 811; x_wconf 83' lang='lat' dir='ltr'>Ave,</span> <span class='ocrx_word' id='word_1_146' title='bbox 580 779 673 813; x_wconf 83' lang='lat' dir='ltr'>virgo,</span> <span class='ocrx_word' id='word_1_147' title='bbox 694 776 839 812; x_wconf 84' lang='lat' dir='ltr'>supplices</span> <span class='ocrx_word' id='word_1_148' title='bbox 860 778 962 810; x_wconf 81' lang='lat' dir='ltr'>potens</span> <span class='ocrx_word' id='word_1_149' title='bbox 982 775 1126 809; x_wconf 73' lang='lat' dir='ltr'>exaudire,</span> 
     </span>
     <span class='ocr_line' id='line_1_17' title="bbox 487 814 1156 849; baseline -0.004 -7"><span class='ocrx_word' id='word_1_150' title='bbox 487 816 593 843; x_wconf 80' lang='lat' dir='ltr'>Servos</span> <span class='ocrx_word' id='word_1_151' title='bbox 613 817 687 847; x_wconf 86' lang='lat' dir='ltr'>tuos,</span> <span class='ocrx_word' id='word_1_152' title='bbox 708 814 832 849; x_wconf 87' lang='lat' dir='ltr'>placida,</span> <span class='ocrx_word' id='word_1_153' title='bbox 853 814 899 840; x_wconf 83' lang='lat' dir='ltr'>fac</span> <span class='ocrx_word' id='word_1_154' title='bbox 918 822 970 840; x_wconf 91' lang='lat' dir='ltr'>nos</span> <span class='ocrx_word' id='word_1_155' title='bbox 991 815 1085 840; x_wconf 79' lang='lat' dir='ltr'>tecum</span> <span class='ocrx_word' id='word_1_156' title='bbox 1104 814 1156 846; x_wconf 86' lang='lat' dir='ltr'>ire,</span> 
     </span>
     <span class='ocr_line' id='line_1_18' title="bbox 487 851 1194 887; baseline -0.004 -7"><span class='ocrx_word' id='word_1_157' title='bbox 487 853 534 886; x_wconf 83' lang='lat' dir='ltr'>Et,</span> <span class='ocrx_word' id='word_1_158' title='bbox 556 861 620 879; x_wconf 87' lang='lat' dir='ltr'>cum</span> <span class='ocrx_word' id='word_1_159' title='bbox 639 852 726 879; x_wconf 79' lang='lat' dir='ltr'>iudex</span> <span class='ocrx_word' id='word_1_160' title='bbox 744 853 865 884; x_wconf 84' lang='lat' dir='ltr'>venerit,</span> <span class='ocrx_word' id='word_1_161' title='bbox 886 852 936 887; x_wconf 88' lang='lat' dir='ltr'>qui</span> <span class='ocrx_word' id='word_1_162' title='bbox 957 853 1000 878; x_wconf 87' lang='lat' dir='ltr'>est</span> <span class='ocrx_word' id='word_1_163' title='bbox 1018 851 1106 877; x_wconf 86' lang='lat' dir='ltr'>iudex</span> <span class='ocrx_word' id='word_1_164' title='bbox 1124 852 1194 883; x_wconf 87' lang='lat' dir='ltr'>irae,</span> 
     </span>
     <span class='ocr_line' id='line_1_19' title="bbox 486 889 1106 917; baseline -0.003 0"><span class='ocrx_word' id='word_1_165' title='bbox 486 891 594 917; x_wconf 85' lang='lat' dir='ltr'>Iudicis</span> <span class='ocrx_word' id='word_1_166' title='bbox 615 890 648 916; x_wconf 85' lang='lat' dir='ltr'>ad</span> <span class='ocrx_word' id='word_1_167' title='bbox 671 890 816 916; x_wconf 77' lang='lat' dir='ltr'>dexteram</span> <span class='ocrx_word' id='word_1_168' title='bbox 837 889 903 916; x_wconf 81' lang='lat' dir='ltr'>iube</span> <span class='ocrx_word' id='word_1_169' title='bbox 922 896 975 915; x_wconf 92' lang='lat' dir='ltr'>nos</span> <span class='ocrx_word' id='word_1_170' title='bbox 997 890 1106 915; x_wconf 82' lang='lat' dir='ltr'>venire.</span> 
     </span>
    </p>
   </div>
   <div class='ocr_carea' id='block_1_6' title="bbox 438 935 1216 1083">
    <p class='ocr_par' dir='ltr' id='par_1_6' title="bbox 438 935 1216 1083">
     <span class='ocr_line' id='line_1_20' title="bbox 438 935 1132 972; baseline -0.003 -8"><span class='ocrx_word' id='word_1_171' title='bbox 438 936 466 964; x_wconf 82' lang='lat'>4.</span> <span class='ocrx_word' id='word_1_172' title='bbox 486 938 557 970; x_wconf 84' lang='lat' dir='ltr'>Ave,</span> <span class='ocrx_word' id='word_1_173' title='bbox 577 937 651 964; x_wconf 85' lang='lat' dir='ltr'>caeli</span> <span class='ocrx_word' id='word_1_174' title='bbox 671 936 773 972; x_wconf 80' lang='lat' dir='ltr'>gloria,</span> <span class='ocrx_word' id='word_1_175' title='bbox 794 939 888 962; x_wconf 85' lang='lat' dir='ltr'>terrae</span> <span class='ocrx_word' id='word_1_176' title='bbox 906 935 1132 968; x_wconf 77' lang='lat' dir='ltr'>fundamentum,</span> 
     </span>
     <span class='ocr_line' id='line_1_21' title="bbox 488 973 1146 1006; baseline -0.005 -4"><span class='ocrx_word' id='word_1_177' title='bbox 488 975 577 1002; x_wconf 83' lang='lat' dir='ltr'>Cuius</span> <span class='ocrx_word' id='word_1_178' title='bbox 597 973 631 1001; x_wconf 91' lang='lat' dir='ltr'>fit</span> <span class='ocrx_word' id='word_1_179' title='bbox 649 979 679 1001; x_wconf 81' lang='lat' dir='ltr'>in</span> <span class='ocrx_word' id='word_1_180' title='bbox 700 976 780 1000; x_wconf 84' lang='lat' dir='ltr'>utero</span> <span class='ocrx_word' id='word_1_181' title='bbox 802 974 951 1000; x_wconf 84' lang='lat' dir='ltr'>continens</span> <span class='ocrx_word' id='word_1_182' title='bbox 973 975 1146 1006; x_wconf 77' lang='lat' dir='ltr'>contentum,</span> 
     </span>
     <span class='ocr_line' id='line_1_22' title="bbox 486 1011 1184 1046; baseline -0.004 -6"><span class='ocrx_word' id='word_1_183' title='bbox 486 1014 566 1040; x_wconf 88' lang='lat' dir='ltr'>Tuae</span> <span class='ocrx_word' id='word_1_184' title='bbox 586 1012 672 1038; x_wconf 86' lang='lat' dir='ltr'>nobis</span> <span class='ocrx_word' id='word_1_185' title='bbox 692 1012 804 1046; x_wconf 82' lang='lat' dir='ltr'>gratiae</span> <span class='ocrx_word' id='word_1_186' title='bbox 822 1013 950 1046; x_wconf 84' lang='lat' dir='ltr'>praestet</span> <span class='ocrx_word' id='word_1_187' title='bbox 967 1011 1184 1043; x_wconf 85' lang='lat' dir='ltr'>incrementum,</span> 
     </span>
     <span class='ocr_line' id='line_1_23' title="bbox 489 1048 1216 1083; baseline -0.003 -7"><span class='ocrx_word' id='word_1_188' title='bbox 489 1050 573 1083; x_wconf 82' lang='lat' dir='ltr'>Quod</span> <span class='ocrx_word' id='word_1_189' title='bbox 592 1049 628 1075; x_wconf 89' lang='lat' dir='ltr'>ad</span> <span class='ocrx_word' id='word_1_190' title='bbox 648 1052 716 1076; x_wconf 81' lang='lat' dir='ltr'>tuae</span> <span class='ocrx_word' id='word_1_191' title='bbox 736 1050 866 1075; x_wconf 85' lang='lat' dir='ltr'>canimus</span> <span class='ocrx_word' id='word_1_192' title='bbox 884 1048 981 1074; x_wconf 78' lang='lat' dir='ltr'>laudis</span> <span class='ocrx_word' id='word_1_193' title='bbox 1001 1050 1216 1075; x_wconf 79' lang='lat' dir='ltr'><strong>nutrimentum.</strong></span> 
     </span>
    </p>
   </div>
   <div class='ocr_carea' id='block_1_7' title="bbox 446 1094 1254 1242">
    <p class='ocr_par' dir='ltr' id='par_1_7' title="bbox 446 1094 1254 1242">
     <span class='ocr_line' id='line_1_24' title="bbox 446 1094 1139 1130; baseline -0.004 -7"><span class='ocrx_word' id='word_1_194' title='bbox 446 1096 471 1123; x_wconf 88' lang='grc'>5.</span> <span class='ocrx_word' id='word_1_195' title='bbox 490 1098 561 1128; x_wconf 67' lang='lat' dir='ltr'>Ave,</span> <span class='ocrx_word' id='word_1_196' title='bbox 581 1099 675 1130; x_wconf 83' lang='lat' dir='ltr'>virgo,</span> <span class='ocrx_word' id='word_1_197' title='bbox 697 1096 811 1129; x_wconf 81' lang='lat' dir='ltr'><strong>suscipe</strong></span> <span class='ocrx_word' id='word_1_198' title='bbox 830 1095 937 1121; x_wconf 85' lang='lat' dir='ltr'>mentis</span> <span class='ocrx_word' id='word_1_199' title='bbox 956 1095 988 1120; x_wconf 88' lang='lat' dir='ltr'>in</span> <span class='ocrx_word' id='word_1_200' title='bbox 1007 1094 1139 1121; x_wconf 82' lang='lat' dir='ltr'>conclavi</span> 
     </span>
     <span class='ocr_line' id='line_1_25' title="bbox 487 1133 1112 1168; baseline -0.005 -8"><span class='ocrx_word' id='word_1_201' title='bbox 487 1134 592 1164; x_wconf 89' lang='lat' dir='ltr'>Verba,</span> <span class='ocrx_word' id='word_1_202' title='bbox 615 1133 720 1168; x_wconf 87' lang='lat' dir='ltr'><strong>quibus</strong></span> <span class='ocrx_word' id='word_1_203' title='bbox 738 1133 844 1159; x_wconf 86' lang='lat' dir='ltr'>totiens</span> <span class='ocrx_word' id='word_1_204' title='bbox 864 1133 980 1158; x_wconf 87' lang='lat' dir='ltr'>veniam</span> <span class='ocrx_word' id='word_1_205' title='bbox 1001 1133 1112 1166; x_wconf 85' lang='lat' dir='ltr'>rogavi,</span> 
     </span>
     <span class='ocr_line' id='line_1_26' title="bbox 486 1170 1021 1201; baseline -0.006 -3"><span class='ocrx_word' id='word_1_206' title='bbox 486 1171 630 1198; x_wconf 80' lang='lat' dir='ltr'>Exaudito</span> <span class='ocrx_word' id='word_1_207' title='bbox 651 1171 757 1197; x_wconf 84' lang='lat' dir='ltr'>totiens</span> <span class='ocrx_word' id='word_1_208' title='bbox 778 1171 846 1201; x_wconf 41' lang='lat' dir='ltr'>Ave·</span> <span class='ocrx_word' id='word_1_209' title='bbox 858 1172 918 1195; x_wconf 77' lang='lat' dir='ltr'>tam</span> <span class='ocrx_word' id='word_1_210' title='bbox 938 1170 1021 1196; x_wconf 88' lang='lat' dir='ltr'>suavi</span> 
     </span>
     <span class='ocr_line' id='line_1_27' title="bbox 487 1207 1254 1242; baseline -0.003 -7"><span class='ocrx_word' id='word_1_211' title='bbox 487 1209 547 1235; x_wconf 84' lang='lat' dir='ltr'>Fac</span> <span class='ocrx_word' id='word_1_212' title='bbox 566 1216 619 1240; x_wconf 90' lang='lat' dir='ltr'>me,</span> <span class='ocrx_word' id='word_1_213' title='bbox 641 1216 747 1242; x_wconf 81' lang='lat' dir='ltr'>quaeso</span> <span class='ocrx_word' id='word_1_214' title='bbox 768 1207 893 1234; x_wconf 87' lang='lat' dir='ltr'>liberum</span> <span class='ocrx_word' id='word_1_215' title='bbox 912 1215 1030 1241; x_wconf 85' lang='lat' dir='ltr'><strong>prorsus</strong></span> <span class='ocrx_word' id='word_1_216' title='bbox 1052 1215 1070 1233; x_wconf 86' lang='lat' dir='ltr'>a</span> <span class='ocrx_word' id='word_1_217' title='bbox 1088 1214 1144 1233; x_wconf 85' lang='lat' dir='ltr'>vae</span> <span class='ocrx_word' id='word_1_218' title='bbox 1162 1208 1254 1242; x_wconf 84' lang='lat' dir='ltr'>gravi.</span> 
     </span>
    </p>
   </div>
   <div class='ocr_carea' id='block_1_8' title="bbox 191 1260 1484 1412">
    <p class='ocr_par' dir='ltr' id='par_1_8' title="bbox 191 1260 1484 1412">
     <span class='ocr_line' id='line_1_28' title="bbox 265 1260 1484 1298; baseline -0.001 -8"><span class='ocrx_word' id='word_1_219' title='bbox 265 1263 421 1290; x_wconf 79' lang='lat' dir='ltr'>Dieselben</span> <span class='ocrx_word' id='word_1_220' title='bbox 436 1264 578 1298; x_wconf 72' lang='lat' dir='ltr'>Strophen</span> <span class='ocrx_word' id='word_1_221' title='bbox 598 1263 699 1290; x_wconf 76' lang='lat' dir='ltr'>stehen</span> <span class='ocrx_word' id='word_1_222' title='bbox 721 1262 794 1290; x_wconf 89' lang='lat' dir='ltr'>auch</span> <span class='ocrx_word' id='word_1_223' title='bbox 815 1262 858 1288; x_wconf 88' lang='lat' dir='ltr'>als</span> <span class='ocrx_word' id='word_1_224' title='bbox 876 1261 1048 1296; x_wconf 85' lang='lat' dir='ltr'>„Conclusio</span> <span class='ocrx_word' id='word_1_225' title='bbox 1068 1263 1158 1288; x_wconf 85' lang='lat' dir='ltr'>totius</span> <span class='ocrx_word' id='word_1_226' title='bbox 1179 1260 1291 1297; x_wconf 75' lang='lat' dir='ltr'>operis“</span> <span class='ocrx_word' id='word_1_227' title='bbox 1313 1263 1345 1288; x_wconf 86' lang='lat' dir='ltr'>in</span> <span class='ocrx_word' id='word_1_228' title='bbox 1359 1262 1409 1289; x_wconf 83' lang='lat' dir='ltr'>OD</span> <span class='ocrx_word' id='word_1_229' title='bbox 1430 1264 1484 1289; x_wconf 87' lang='lat' dir='ltr'>mit</span> 
     </span>
     <span class='ocr_line' id='line_1_29' title="bbox 191 1297 1484 1337; baseline 0 -10"><span class='ocrx_word' id='word_1_230' title='bbox 191 1300 343 1335; x_wconf 80' lang='lat' dir='ltr'>folgenden</span> <span class='ocrx_word' id='word_1_231' title='bbox 361 1301 605 1337; x_wconf 84' lang='lat' dir='ltr'>Abweiehungen:</span> <span class='ocrx_word' id='word_1_232' title='bbox 631 1298 658 1333; x_wconf 86' lang='lat'>3,</span> <span class='ocrx_word' id='word_1_233' title='bbox 672 1297 689 1327; x_wconf 89' lang='lat'><strong>3</strong></span> <span class='ocrx_word' id='word_1_234' title='bbox 708 1301 821 1327; x_wconf 85' lang='lat' dir='ltr'>venerit</span> <span class='ocrx_word' id='word_1_235' title='bbox 839 1302 924 1334; x_wconf 84' lang='lat' dir='ltr'>atque</span> <span class='ocrx_word' id='word_1_236' title='bbox 946 1299 1007 1325; x_wconf 85' lang='lat' dir='ltr'>dies</span> <span class='ocrx_word' id='word_1_237' title='bbox 1026 1300 1096 1326; x_wconf 89' lang='lat' dir='ltr'>irae.</span> <span class='ocrx_word' id='word_1_238' title='bbox 1115 1313 1154 1317; x_wconf 90' lang='lat'>—</span> <span class='ocrx_word' id='word_1_239' title='bbox 1172 1298 1199 1331; x_wconf 87' lang='lat'>4,</span> <span class='ocrx_word' id='word_1_240' title='bbox 1214 1298 1233 1326; x_wconf 87' lang='lat'>4</span> <span class='ocrx_word' id='word_1_241' title='bbox 1252 1299 1288 1326; x_wconf 87' lang='lat' dir='ltr'>ad</span> <span class='ocrx_word' id='word_1_242' title='bbox 1303 1303 1370 1326; x_wconf 89' lang='lat' dir='ltr'>tuae</span> <span class='ocrx_word' id='word_1_243' title='bbox 1383 1300 1484 1327; x_wconf 84' lang='lat' dir='ltr'>scribi-</span> 
     </span>
     <span class='ocr_line' id='line_1_30' title="bbox 193 1335 1482 1372; baseline 0 -8"><span class='ocrx_word' id='word_1_244' title='bbox 193 1346 255 1365; x_wconf 88' lang='lat' dir='ltr'>mus</span> <span class='ocrx_word' id='word_1_245' title='bbox 278 1338 372 1365; x_wconf 86' lang='lat' dir='ltr'>laudis</span> <span class='ocrx_word' id='word_1_246' title='bbox 395 1340 607 1366; x_wconf 73' lang='lat' dir='ltr'>munimentum.</span> <span class='ocrx_word' id='word_1_247' title='bbox 632 1351 664 1356; x_wconf 93' lang='lat'>——</span> <span class='ocrx_word' id='word_1_248' title='bbox 685 1337 710 1372; x_wconf 91' lang='lat'>5,</span> <span class='ocrx_word' id='word_1_249' title='bbox 725 1336 742 1363; x_wconf 88' lang='lat'>2</span> <span class='ocrx_word' id='word_1_250' title='bbox 755 1338 797 1364; x_wconf 90' lang='lat' dir='ltr'>Et</span> <span class='ocrx_word' id='word_1_251' title='bbox 815 1337 923 1363; x_wconf 85' lang='lat' dir='ltr'>audito.</span> <span class='ocrx_word' id='word_1_252' title='bbox 942 1350 980 1354; x_wconf 90' lang='lat'>—</span> <span class='ocrx_word' id='word_1_253' title='bbox 1002 1335 1028 1369; x_wconf 87' lang='lat'>5,</span> <span class='ocrx_word' id='word_1_254' title='bbox 1042 1335 1131 1364; x_wconf 85' lang='lat' dir='ltr'>4Fac</span> <span class='ocrx_word' id='word_1_255' title='bbox 1149 1345 1195 1364; x_wconf 79' lang='lat' dir='ltr'>me</span> <span class='ocrx_word' id='word_1_256' title='bbox 1213 1345 1331 1372; x_wconf 86' lang='lat' dir='ltr'>prorsus</span> <span class='ocrx_word' id='word_1_257' title='bbox 1351 1337 1482 1372; x_wconf 83' lang='lat' dir='ltr'>liberum,</span> 
     </span>
     <span class='ocr_line' id='line_1_31' title="bbox 194 1373 1209 1412; baseline -0.002 -10"><span class='ocrx_word' id='word_1_258' title='bbox 194 1384 320 1411; x_wconf 86' lang='lat' dir='ltr'>prorsus.</span> <span class='ocrx_word' id='word_1_259' title='bbox 340 1390 376 1394; x_wconf 98' lang='lat'>-—</span> <span class='ocrx_word' id='word_1_260' title='bbox 396 1376 469 1404; x_wconf 83' lang='lat' dir='ltr'><strong>Hier</strong></span> <span class='ocrx_word' id='word_1_261' title='bbox 490 1376 583 1412; x_wconf 81' lang='lat' dir='ltr'>gehen</span> <span class='ocrx_word' id='word_1_262' title='bbox 603 1375 702 1402; x_wconf 87' lang='lat' dir='ltr'>diesen</span> <span class='ocrx_word' id='word_1_263' title='bbox 721 1374 865 1410; x_wconf 84' lang='lat' dir='ltr'>Strophen</span> <span class='ocrx_word' id='word_1_264' title='bbox 884 1375 947 1401; x_wconf 85' lang='lat' dir='ltr'>vier</span> <span class='ocrx_word' id='word_1_265' title='bbox 967 1373 1072 1401; x_wconf 87' lang='lat' dir='ltr'>andere</span> <span class='ocrx_word' id='word_1_266' title='bbox 1090 1374 1209 1401; x_wconf 87' lang='lat' dir='ltr'>vorher:</span> 
     </span>
    </p>
   </div>
   <div class='ocr_carea' id='block_1_9' title="bbox 447 1421 1133 1600">
    <p class='ocr_par' dir='ltr' id='par_1_9' title="bbox 688 1421 982 1456">
     <span class='ocr_line' id='line_1_32' title="bbox 688 1421 982 1456; baseline -0.003 -8"><span class='ocrx_word' id='word_1_267' title='bbox 688 1422 737 1448; x_wconf 84' lang='lat' dir='ltr'>Ad</span> <span class='ocrx_word' id='word_1_268' title='bbox 756 1421 982 1456; x_wconf 83' lang='lat' dir='ltr'>Magnificat.</span> 
     </span>
    </p>

    <p class='ocr_par' dir='ltr' id='par_1_10' title="bbox 447 1459 1133 1600">
     <span class='ocr_line' id='line_1_33' title="bbox 447 1459 1028 1493; baseline -0.003 -6"><span class='ocrx_word' id='word_1_269' title='bbox 447 1459 470 1487; x_wconf 90' lang='lat'>1.</span> <span class='ocrx_word' id='word_1_270' title='bbox 490 1460 561 1493; x_wconf 84' lang='lat' dir='ltr'>Ave,</span> <span class='ocrx_word' id='word_1_271' title='bbox 583 1461 665 1486; x_wconf 83' lang='lat' dir='ltr'>cuius</span> <span class='ocrx_word' id='word_1_272' title='bbox 684 1461 785 1486; x_wconf 83' lang='lat' dir='ltr'>nuntio</span> <span class='ocrx_word' id='word_1_273' title='bbox 806 1459 923 1486; x_wconf 85' lang='lat' dir='ltr'>domina</span> <span class='ocrx_word' id='word_1_274' title='bbox 941 1459 1028 1485; x_wconf 87' lang='lat' dir='ltr'>beata</span> 
     </span>
     <span class='ocr_line' id='line_1_34' title="bbox 490 1496 1098 1532; baseline -0.005 -7"><span class='ocrx_word' id='word_1_275' title='bbox 490 1498 647 1525; x_wconf 87' lang='lat' dir='ltr'>Dominum</span> <span class='ocrx_word' id='word_1_276' title='bbox 667 1496 833 1532; x_wconf 81' lang='lat' dir='ltr'>magnificat</span> <span class='ocrx_word' id='word_1_277' title='bbox 852 1496 916 1531; x_wconf 87' lang='lat' dir='ltr'>plus</span> <span class='ocrx_word' id='word_1_278' title='bbox 936 1496 1098 1529; x_wconf 82' lang='lat' dir='ltr'>humiliata,</span> 
     </span>
     <span class='ocr_line' id='line_1_35' title="bbox 491 1534 1133 1571; baseline -0.003 -9"><span class='ocrx_word' id='word_1_279' title='bbox 491 1536 541 1563; x_wconf 88' lang='lat' dir='ltr'>Sic</span> <span class='ocrx_word' id='word_1_280' title='bbox 560 1543 657 1562; x_wconf 82' lang='lat' dir='ltr'>amore</span> <span class='ocrx_word' id='word_1_281' title='bbox 675 1542 815 1571; x_wconf 85' lang='lat' dir='ltr'>generans</span> <span class='ocrx_word' id='word_1_282' title='bbox 836 1534 929 1561; x_wconf 88' lang='lat' dir='ltr'>Deum</span> <span class='ocrx_word' id='word_1_283' title='bbox 949 1534 1021 1560; x_wconf 88' lang='lat' dir='ltr'>haec</span> <span class='ocrx_word' id='word_1_284' title='bbox 1039 1534 1133 1568; x_wconf 83' lang='lat' dir='ltr'>beata,</span> 
     </span>
     <span class='ocr_line' id='line_1_36' title="bbox 490 1571 1117 1600; baseline -0.005 0"><span class='ocrx_word' id='word_1_285' title='bbox 490 1574 609 1600; x_wconf 76' lang='lat' dir='ltr'>Diei-um</span> <span class='ocrx_word' id='word_1_286' title='bbox 631 1580 649 1599; x_wconf 88' lang='lat' dir='ltr'>a</span> <span class='ocrx_word' id='word_1_287' title='bbox 670 1572 795 1599; x_wconf 84' lang='lat' dir='ltr'>saeculis</span> <span class='ocrx_word' id='word_1_288' title='bbox 814 1572 886 1598; x_wconf 85' lang='lat' dir='ltr'>felix</span> <span class='ocrx_word' id='word_1_289' title='bbox 909 1571 944 1598; x_wconf 83' lang='lat' dir='ltr'>ad</span> <span class='ocrx_word' id='word_1_290' title='bbox 966 1572 1022 1598; x_wconf 91' lang='lat' dir='ltr'>hoc</span> <span class='ocrx_word' id='word_1_291' title='bbox 1040 1574 1117 1598; x_wconf 82' lang='lat' dir='ltr'>nata.</span> 
     </span>
    </p>
   </div>
   <div class='ocr_carea' id='block_1_10' title="bbox 442 1618 1196 1803">
    <p class='ocr_par' dir='ltr' id='par_1_11' title="bbox 442 1618 1196 1803">
     <span class='ocr_line' id='line_1_37' title="bbox 651 1618 1009 1646; baseline -0.006 0"><span class='ocrx_word' id='word_1_292' title='bbox 651 1619 702 1646; x_wconf 78' lang='lat' dir='ltr'>Ad</span> <span class='ocrx_word' id='word_1_293' title='bbox 720 1618 819 1645; x_wconf 86' lang='lat' dir='ltr'>Nunc</span> <span class='ocrx_word' id='word_1_294' title='bbox 837 1618 1009 1645; x_wconf 76' lang='lat' dir='ltr'>dimittis.</span> 
     </span>
     <span class='ocr_line' id='line_1_38' title="bbox 442 1655 1118 1691; baseline -0.003 -7"><span class='ocrx_word' id='word_1_295' title='bbox 442 1655 468 1684; x_wconf 85' lang='lat'>2.</span> <span class='ocrx_word' id='word_1_296' title='bbox 490 1658 557 1690; x_wconf 75' lang='lat' dir='ltr'>Ave,</span> <span class='ocrx_word' id='word_1_297' title='bbox 579 1658 661 1684; x_wconf 92' lang='lat' dir='ltr'>cuius</span> <span class='ocrx_word' id='word_1_298' title='bbox 681 1656 759 1683; x_wconf 86' lang='lat' dir='ltr'>filius</span> <span class='ocrx_word' id='word_1_299' title='bbox 779 1656 886 1691; x_wconf 86' lang='lat' dir='ltr'>templo</span> <span class='ocrx_word' id='word_1_300' title='bbox 909 1658 1118 1691; x_wconf 82' lang='lat' dir='ltr'>praesentatur,</span> 
     </span>
     <span class='ocr_line' id='line_1_39' title="bbox 489 1694 1024 1730; baseline -0.002 -9"><span class='ocrx_word' id='word_1_301' title='bbox 489 1694 623 1721; x_wconf 76' lang='lat' dir='ltr'>Salutate</span> <span class='ocrx_word' id='word_1_302' title='bbox 642 1696 771 1730; x_wconf 87' lang='lat' dir='ltr'>gentium</span> <span class='ocrx_word' id='word_1_303' title='bbox 791 1695 853 1721; x_wconf 85' lang='lat' dir='ltr'>seni</span> <span class='ocrx_word' id='word_1_304' title='bbox 872 1694 1024 1726; x_wconf 85' lang='lat' dir='ltr'>revelatur,</span> 
     </span>
     <span class='ocr_line' id='line_1_40' title="bbox 488 1730 1184 1768; baseline -0.003 -9"><span class='ocrx_word' id='word_1_305' title='bbox 488 1730 593 1768; x_wconf 82' lang='lat' dir='ltr'>Sicque</span> <span class='ocrx_word' id='word_1_306' title='bbox 612 1733 687 1767; x_wconf 87' lang='lat' dir='ltr'>petit</span> <span class='ocrx_word' id='word_1_307' title='bbox 705 1731 894 1767; x_wconf 83' lang='lat' dir='ltr'>postmodum,</span> <span class='ocrx_word' id='word_1_308' title='bbox 914 1734 947 1758; x_wconf 86' lang='lat' dir='ltr'>ut</span> <span class='ocrx_word' id='word_1_309' title='bbox 966 1734 995 1758; x_wconf 84' lang='lat' dir='ltr'>et</span> <span class='ocrx_word' id='word_1_310' title='bbox 1014 1731 1184 1765; x_wconf 78' lang='lat' dir='ltr'>dimittatur,</span> 
     </span>
     <span class='ocr_line' id='line_1_41' title="bbox 489 1769 1196 1803; baseline -0.003 -6"><span class='ocrx_word' id='word_1_311' title='bbox 489 1770 571 1803; x_wconf 82' lang='lat' dir='ltr'>Quod</span> <span class='ocrx_word' id='word_1_312' title='bbox 592 1771 699 1797; x_wconf 84' lang='lat' dir='ltr'>nostris</span> <span class='ocrx_word' id='word_1_313' title='bbox 720 1770 869 1797; x_wconf 86' lang='lat' dir='ltr'><strong>laboribus</strong></span> <span class='ocrx_word' id='word_1_314' title='bbox 889 1769 1004 1796; x_wconf 83' lang='lat' dir='ltr'>laudem</span> <span class='ocrx_word' id='word_1_315' title='bbox 1025 1769 1196 1796; x_wconf 83' lang='lat' dir='ltr'>conferatur.</span> 
     </span>
    </p>
   </div>
   <div class='ocr_carea' id='block_1_11' title="bbox 441 1816 1193 2200">
    <p class='ocr_par' dir='ltr' id='par_1_12' title="bbox 690 1816 979 1843">
     <span class='ocr_line' id='line_1_42' title="bbox 690 1816 979 1843; baseline 0 0"><span class='ocrx_word' id='word_1_316' title='bbox 690 1816 740 1843; x_wconf 90' lang='lat' dir='ltr'>Ad</span> <span class='ocrx_word' id='word_1_317' title='bbox 760 1816 979 1843; x_wconf 80' lang='lat' dir='ltr'>Benedictus</span> 
     </span>
    </p>

    <p class='ocr_par' dir='ltr' id='par_1_13' title="bbox 441 1853 1193 2003">
     <span class='ocr_line' id='line_1_43' title="bbox 441 1853 1168 1891; baseline -0.001 -9"><span class='ocrx_word' id='word_1_318' title='bbox 441 1853 468 1883; x_wconf 81' lang='lat'>3.</span> <span class='ocrx_word' id='word_1_319' title='bbox 489 1856 560 1890; x_wconf 79' lang='lat' dir='ltr'>Ave,</span> <span class='ocrx_word' id='word_1_320' title='bbox 580 1856 663 1891; x_wconf 84' lang='lat' dir='ltr'>virgo</span> <span class='ocrx_word' id='word_1_321' title='bbox 684 1856 810 1889; x_wconf 88' lang='lat' dir='ltr'>pariens,</span> <span class='ocrx_word' id='word_1_322' title='bbox 830 1862 916 1889; x_wconf 86' lang='lat' dir='ltr'>quem</span> <span class='ocrx_word' id='word_1_323' title='bbox 934 1855 997 1881; x_wconf 84' lang='lat' dir='ltr'>veri</span> <span class='ocrx_word' id='word_1_324' title='bbox 1016 1858 1168 1889; x_wconf 83' lang='lat' dir='ltr'>praeconis</span> 
     </span>
     <span class='ocr_line' id='line_1_44' title="bbox 491 1892 1059 1927; baseline -0.004 -7"><span class='ocrx_word' id='word_1_325' title='bbox 491 1892 669 1920; x_wconf 80' lang='lat' dir='ltr'>Benedicens</span> <span class='ocrx_word' id='word_1_326' title='bbox 689 1892 838 1927; x_wconf 85' lang='lat' dir='ltr'>praedicat</span> <span class='ocrx_word' id='word_1_327' title='bbox 856 1893 1059 1919; x_wconf 72' lang='lat' dir='ltr'>resurectionis</span> 
     </span>
     <span class='ocr_line' id='line_1_45' title="bbox 491 1929 1193 1965; baseline -0.001 -8"><span class='ocrx_word' id='word_1_328' title='bbox 491 1929 594 1963; x_wconf 81' lang='lat' dir='ltr'>Cornu,</span> <span class='ocrx_word' id='word_1_329' title='bbox 616 1929 692 1964; x_wconf 84' lang='lat' dir='ltr'>quod</span> <span class='ocrx_word' id='word_1_330' title='bbox 711 1931 892 1965; x_wconf 80' lang='lat' dir='ltr'>promiserat,</span> <span class='ocrx_word' id='word_1_331' title='bbox 912 1929 1078 1956; x_wconf 90' lang='lat' dir='ltr'>diuturnum</span> <span class='ocrx_word' id='word_1_332' title='bbox 1101 1930 1193 1963; x_wconf 87' lang='lat' dir='ltr'>bonis,</span> 
     </span>
     <span class='ocr_line' id='line_1_46' title="bbox 490 1964 1085 2003; baseline -0.003 -8"><span class='ocrx_word' id='word_1_333' title='bbox 490 1965 544 2003; x_wconf 89' lang='lat' dir='ltr'>[Ut</span> <span class='ocrx_word' id='word_1_334' title='bbox 561 1969 592 1994; x_wconf 90' lang='lat' dir='ltr'>in</span> <span class='ocrx_word' id='word_1_335' title='bbox 611 1964 701 2002; x_wconf 75' lang='lat' dir='ltr'>viam]</span> <span class='ocrx_word' id='word_1_336' title='bbox 721 1968 828 2002; x_wconf 75' lang='lat' dir='ltr'>dirigat</span> <span class='ocrx_word' id='word_1_337' title='bbox 847 1967 933 2002; x_wconf 84' lang='lat' dir='ltr'>pedes</span> <span class='ocrx_word' id='word_1_338' title='bbox 954 1968 1085 1994; x_wconf 85' lang='lat' dir='ltr'>rationis.</span> 
     </span>
    </p>

    <p class='ocr_par' dir='ltr' id='par_1_14' title="bbox 703 2014 958 2041">
     <span class='ocr_line' id='line_1_47' title="bbox 703 2014 958 2041; baseline 0 -1"><span class='ocrx_word' id='word_1_339' title='bbox 703 2014 753 2041; x_wconf 86' lang='lat' dir='ltr'>Ad</span> <span class='ocrx_word' id='word_1_340' title='bbox 771 2014 820 2040; x_wconf 84' lang='lat' dir='ltr'>Te</span> <span class='ocrx_word' id='word_1_341' title='bbox 839 2014 958 2041; x_wconf 89' lang='lat' dir='ltr'>Deum.</span> 
     </span>
    </p>

    <p class='ocr_par' dir='ltr' id='par_1_15' title="bbox 444 2051 1183 2200">
     <span class='ocr_line' id='line_1_48' title="bbox 444 2051 1050 2087; baseline 0 -8"><span class='ocrx_word' id='word_1_342' title='bbox 444 2052 471 2079; x_wconf 87' lang='lat'>4.</span> <span class='ocrx_word' id='word_1_343' title='bbox 488 2056 558 2083; x_wconf 81' lang='lat' dir='ltr'>Ave,</span> <span class='ocrx_word' id='word_1_344' title='bbox 580 2053 662 2078; x_wconf 88' lang='lat' dir='ltr'>cuius</span> <span class='ocrx_word' id='word_1_345' title='bbox 682 2051 742 2078; x_wconf 86' lang='lat' dir='ltr'>filio</span> <span class='ocrx_word' id='word_1_346' title='bbox 763 2054 861 2078; x_wconf 83' lang='lat' dir='ltr'>coetus</span> <span class='ocrx_word' id='word_1_347' title='bbox 881 2052 1050 2087; x_wconf 84' lang='lat' dir='ltr'>angelorum</span> 
     </span>
     <span class='ocr_line' id='line_1_49' title="bbox 489 2089 1140 2124; baseline 0.002 -8"><span class='ocrx_word' id='word_1_348' title='bbox 489 2090 612 2117; x_wconf 80' lang='lat' dir='ltr'>Sanctus</span> <span class='ocrx_word' id='word_1_349' title='bbox 633 2089 739 2116; x_wconf 83' lang='lat' dir='ltr'>clamat</span> <span class='ocrx_word' id='word_1_350' title='bbox 757 2090 871 2124; x_wconf 83' lang='lat' dir='ltr'>iugiter,</span> <span class='ocrx_word' id='word_1_351' title='bbox 892 2098 944 2116; x_wconf 87' lang='lat' dir='ltr'>nos</span> <span class='ocrx_word' id='word_1_352' title='bbox 965 2098 982 2116; x_wconf 86' lang='lat' dir='ltr'>a</span> <span class='ocrx_word' id='word_1_353' title='bbox 1001 2091 1140 2117; x_wconf 85' lang='lat' dir='ltr'>vitiorum</span> 
     </span>
     <span class='ocr_line' id='line_1_50' title="bbox 487 2127 1154 2162; baseline -0.001 -7"><span class='ocrx_word' id='word_1_354' title='bbox 487 2128 568 2155; x_wconf 83' lang='lat' dir='ltr'>Labe</span> <span class='ocrx_word' id='word_1_355' title='bbox 586 2127 702 2160; x_wconf 88' lang='lat' dir='ltr'>munda,</span> <span class='ocrx_word' id='word_1_356' title='bbox 722 2127 830 2161; x_wconf 79' lang='lat' dir='ltr'>perfrui</span> <span class='ocrx_word' id='word_1_357' title='bbox 849 2128 881 2153; x_wconf 90' lang='lat' dir='ltr'>in</span> <span class='ocrx_word' id='word_1_358' title='bbox 900 2135 988 2162; x_wconf 86' lang='lat' dir='ltr'>regno</span> <span class='ocrx_word' id='word_1_359' title='bbox 1009 2128 1154 2154; x_wconf 87' lang='lat' dir='ltr'>caelorum</span> 
     </span>
     <span class='ocr_line' id='line_1_51' title="bbox 487 2164 1183 2200; baseline -0.001 -7"><span class='ocrx_word' id='word_1_360' title='bbox 487 2166 547 2193; x_wconf 80' lang='lat' dir='ltr'>Fac</span> <span class='ocrx_word' id='word_1_361' title='bbox 564 2173 617 2191; x_wconf 88' lang='lat' dir='ltr'>nos</span> <span class='ocrx_word' id='word_1_362' title='bbox 639 2172 705 2191; x_wconf 85' lang='lat' dir='ltr'>cum</span> <span class='ocrx_word' id='word_1_363' title='bbox 723 2164 857 2191; x_wconf 83' lang='lat' dir='ltr'>felicibus</span> <span class='ocrx_word' id='word_1_364' title='bbox 876 2166 1013 2200; x_wconf 88' lang='lat' dir='ltr'>praemiis</span> <span class='ocrx_word' id='word_1_365' title='bbox 1033 2166 1183 2192; x_wconf 80' lang='lat' dir='ltr'>iustorum.</span> 
     </span>
    </p>
   </div>
   <div class='ocr_carea' id='block_1_12' title="bbox 265 2212 684 2249">
    <p class='ocr_par' dir='ltr' id='par_1_16' title="bbox 265 2212 684 2249">
     <span class='ocr_line' id='line_1_52' title="bbox 265 2212 684 2249; baseline -0.007 -9"><span class='ocrx_word' id='word_1_366' title='bbox 265 2214 292 2241; x_wconf 88' lang='lat' dir='ltr'>K</span> <span class='ocrx_word' id='word_1_367' title='bbox 311 2213 364 2240; x_wconf 89' lang='lat' dir='ltr'>hat</span> <span class='ocrx_word' id='word_1_368' title='bbox 381 2212 534 2249; x_wconf 86' lang='lat' dir='ltr'>folgenden</span> <span class='ocrx_word' id='word_1_369' title='bbox 554 2212 684 2239; x_wconf 77' lang='lat' dir='ltr'>Schluss:</span> 
     </span>
    </p>
   </div>
   <div class='ocr_carea' id='block_1_13' title="bbox 487 2259 1172 2409">
    <p class='ocr_par' dir='ltr' id='par_1_17' title="bbox 487 2259 1172 2409">
     <span class='ocr_line' id='line_1_53' title="bbox 487 2259 1147 2295; baseline 0 -8"><span class='ocrx_word' id='word_1_370' title='bbox 487 2260 618 2292; x_wconf 73' lang='lat' dir='ltr'>Nostras,</span> <span class='ocrx_word' id='word_1_371' title='bbox 641 2259 697 2286; x_wconf 88' lang='lat' dir='ltr'>Dei</span> <span class='ocrx_word' id='word_1_372' title='bbox 717 2260 856 2293; x_wconf 77' lang='lat' dir='ltr'>genetrix,</span> <span class='ocrx_word' id='word_1_373' title='bbox 876 2260 977 2287; x_wconf 89' lang='lat' dir='ltr'>laudes</span> <span class='ocrx_word' id='word_1_374' title='bbox 997 2262 1147 2295; x_wconf 70' lang='lat' dir='ltr'>acceptare</span> 
     </span>
     <span class='ocr_line' id='line_1_54' title="bbox 489 2296 1172 2333; baseline 0.003 -10"><span class='ocrx_word' id='word_1_375' title='bbox 489 2297 572 2331; x_wconf 85' lang='lat' dir='ltr'>Cura,</span> <span class='ocrx_word' id='word_1_376' title='bbox 594 2305 666 2332; x_wconf 89' lang='lat' dir='ltr'>quas</span> <span class='ocrx_word' id='word_1_377' title='bbox 687 2296 839 2329; x_wconf 84' lang='lat' dir='ltr'>offerimus,</span> <span class='ocrx_word' id='word_1_378' title='bbox 859 2306 971 2331; x_wconf 89' lang='lat' dir='ltr'>nosque</span> <span class='ocrx_word' id='word_1_379' title='bbox 989 2300 1172 2333; x_wconf 83' lang='lat' dir='ltr'>praesentare</span> 
     </span>
     <span class='ocr_line' id='line_1_55' title="bbox 487 2335 1128 2370; baseline 0 -8"><span class='ocrx_word' id='word_1_380' title='bbox 487 2335 545 2363; x_wconf 87' lang='lat' dir='ltr'>Per</span> <span class='ocrx_word' id='word_1_381' title='bbox 563 2335 616 2362; x_wconf 85' lang='lat' dir='ltr'>has</span> <span class='ocrx_word' id='word_1_382' title='bbox 635 2335 697 2362; x_wconf 84' lang='lat' dir='ltr'>Deo</span> <span class='ocrx_word' id='word_1_383' title='bbox 714 2337 839 2370; x_wconf 83' lang='lat' dir='ltr'>satagas,</span> <span class='ocrx_word' id='word_1_384' title='bbox 863 2338 897 2362; x_wconf 90' lang='lat' dir='ltr'>ut</span> <span class='ocrx_word' id='word_1_385' title='bbox 915 2344 978 2363; x_wconf 83' lang='lat' dir='ltr'>cum</span> <span class='ocrx_word' id='word_1_386' title='bbox 999 2336 1128 2363; x_wconf 80' lang='lat' dir='ltr'>iudicare</span> 
     </span>
     <span class='ocr_line' id='line_1_56' title="bbox 487 2372 1090 2409; baseline 0 -9"><span class='ocrx_word' id='word_1_387' title='bbox 487 2373 616 2406; x_wconf 82' lang='lat' dir='ltr'>Venerit,</span> <span class='ocrx_word' id='word_1_388' title='bbox 636 2381 689 2400; x_wconf 86' lang='lat' dir='ltr'>nos</span> <span class='ocrx_word' id='word_1_389' title='bbox 710 2372 812 2399; x_wconf 87' lang='lat' dir='ltr'>ovibus</span> <span class='ocrx_word' id='word_1_390' title='bbox 834 2373 906 2400; x_wconf 85' lang='lat' dir='ltr'>velit</span> <span class='ocrx_word' id='word_1_391' title='bbox 924 2373 1090 2409; x_wconf 80' lang='lat' dir='ltr'>adgregare.</span> 
     </span>
    </p>
   </div>
  </div>
 </body>
</html>
