1650 2612
176 217 232 248 25.

172 537 227 568 26.

173 857 228 891 27.

167 1178 223 1210 28.

164 1498 219 1530 29.

162 1821 216 1853 30.

158 2153 213 2187 31.

682 126 937 162 -125—

260 219 338 256 Ave,
366 227 448 256 rosa,
474 229 554 252 novo
580 230 666 253 more

258 263 418 297 Gabrielis
441 274 510 297 eum
535 269 574 300 ab
601 277 655 300 ore

303 310 402 343 Sonat
427 313 585 356 samnitio,

255 358 430 391 Salutantis
455 360 488 390 in
513 370 657 393 sermone

254 405 414 438 Novitatis
439 408 562 440 ratione

301 452 371 484 Tua
394 457 487 485 nutat
510 456 603 489 ratio.

253 537 334 577 Ave,
361 547 434 570 rosa
458 540 636 580 singularis,

254 584 436 617 Novitatem
462 587 641 627 admiraris,

301 631 394 663 Mens
419 642 538 673 pavore
562 635 697 675 rapitur,

253 679 338 711 Fatu
365 680 465 711 donee
490 680 600 713 blandi
624 682 688 713 oris

254 725 418 758 Nascituri
444 735 483 758 ex
508 730 540 759 te
563 727 650 760 floris

301 772 374 804 Tibi
401 777 488 805 ortus
510 775 672 814 panditur.

253 858 333 895 Ave,
360 867 443 899 rosa,
470 861 596 898 quaeris
620 861 758 900 modum,

253 905 453 944 Quaestionis
479 905 584 938 factae
607 908 723 939 nodum

299 952 377 984 Mox
404 953 551 985 dissolvit
574 955 713 995 nuntius,

251 998 303 1031 Ex
321 1002 361 1040 te,
385 1000 498 1040 inquit,
519 1000 603 1040 quod
620 1004 777 1041 nascetur,

253 1045 405 1078 Sanctum
431 1047 492 1078 erit
517 1050 549 1078 et
571 1050 703 1079 vocetur

301 1091 421 1124 Summi
445 1093 506 1125 Dei
530 1093 623 1126 filius,

251 1178 330 1217 Ave,
358 1187 429 1210 rosa
453 1178 500 1209 sie
524 1179 653 1218 intaeta,

250 1224 402 1256 Veritatis
426 1226 577 1264 templum
603 1224 696 1267 facta,

300 1270 446 1303 Thronus
470 1272 657 1314 sapientiae,

249 1317 387 1350 Verbum
413 1319 510 1351 verbo
537 1320 721 1360 concepisti,

248 1365 328 1397 Dum
356 1374 415 1405 per
439 1365 535 1398 fidem
561 1367 695 1406 paruisti

295 1412 470 1452 Inspiranti
494 1414 626 1453 gratiae.

246 1498 327 1538 Ave,
353 1507 427 1530 rosa
451 1498 498 1530 sic
523 1497 668 1542 fecunda,

245 1545 281 1577 In
309 1547 464 1584 conceptu
488 1546 578 1577 verbi
603 1548 721 1579 munda

294 1592 397 1626 Castis
421 1593 454 1624 in
479 1592 654 1625 visceribus

247 1639 323 1671 Sine
348 1640 431 1671 mole
457 1639 571 1679 pignus
597 1648 713 1681 carum,

245 1686 384 1718 Deitatis
411 1687 508 1718 solem
536 1688 665 1727 clarum,

292 1733 414 1765 Novem
440 1736 550 1774 portas
572 1735 741 1770 mensibus.

244 1821 324 1860 Ave,
350 1828 434 1858 rosa,
461 1820 556 1852 modo
582 1819 640 1851 tali

244 1867 321 1900 Cum
347 1867 380 1898 in
407 1867 498 1899 horto
525 1867 672 1907 virginali

290 1914 361 1947 Hoc
385 1913 516 1946 floreret
539 1915 652 1955 lilium,

244 1963 359 1994 Pectus
385 1964 473 1993 tuum
498 1962 706 2004 astringebat,

241 2009 331 2049 Quod
359 2011 390 2042 te
415 2013 514 2041 totam
538 2009 724 2049 possidebat

289 2058 471 2090 Immortale
496 2057 656 2097 gaudium.

239 2153 321 2192 Ave,
348 2161 431 2192 rosa,
457 2160 518 2184 nee
543 2152 658 2193 exponi

239 2200 378 2232 Nostrae
404 2202 511 2239 potest
534 2199 652 2231 rationi

288 2249 393 2279 Tanta
417 2247 599 2288 gratulatio,

241 2296 349 2327 Virtus
372 2295 435 2327 Dei
458 2295 484 2326 si
510 2304 573 2326 non
598 2293 643 2326 ibi

240 2342 478 2382 Obumbrasset‚
507 2343 606 2386 virgo,
635 2341 704 2381 tibi,

286 2389 428 2422 Perisses
455 2390 563 2424 exitio.

852 224 906 256 32.

850 544 906 576 33.

848 862 903 894 34.

844 1182 901 1212 35.

844 1501 898 1533 36.

842 1821 897 1854 37.

841 2153 896 2185 38.

933 224 1011 265 Ave,
1037 231 1119 263 rosa,
1147 223 1220 254 dum
1246 221 1371 263 amoris,

933 270 1122 302 Admirandi
1148 270 1220 301 dum
1246 268 1381 301 fervoris

980 318 1072 358 Ignes
1098 319 1145 348 tot
1168 325 1230 347 non
1255 317 1382 354 toleras,

933 364 970 395 Vi
996 364 1112 396 amoris
1136 366 1241 395 mente
1265 366 1359 401 mota,

932 411 1013 443 Prae
1038 420 1144 443 amore
1167 411 1318 450 languens
1343 412 1411 441 tota

977 459 1015 491 In
1040 460 1188 490 montana
1212 466 1374 497 properas

932 543 1010 583 Ave,
1037 551 1119 582 rosa,
1145 543 1178 574 in
1203 542 1359 574 montanis

931 589 1036 629 Supra
1059 590 1209 621 mundum
1234 589 1273 620 ab
1299 588 1348 620 his
1366 589 1453 620 vanis

977 637 1076 676 Quam
1100 636 1242 668 sublimis
1265 635 1399 675 habitas,

930 684 979 715 De
1003 682 1171 722 profundis
1196 683 1282 714 euius
1307 685 1442 714 mentem

930 729 1032 771 Super
1057 730 1160 762 caelos
1185 730 1405 762 ascendentem

976 777 1126 809 Elevavit
1152 776 1277 810 caritas,

929 861 1009 899 Ave,
1036 869 1117 902 rosa,
1146 861 1219 892 dum
1242 865 1373 899 astares,

930 907 1012 938 Dum
1039 910 1201 947 cognatam
1228 908 1383 939 salutares

976 954 1150 986 Salutantis
1176 954 1314 994 vocibus,

931 1000 1034 1033 Gestit
1056 1000 1162 1033 infans
1185 1003 1296 1032 ventre
1321 1001 1445 1034 clausus

928 1047 1107 1080 Exhibetur
1130 1048 1198 1079 Deo
1222 1048 1352 1087 plausus

975 1095 1061 1126 Voce
1084 1103 1156 1135 non,
1183 1095 1240 1126 sed
1264 1094 1409 1129 motibus.

928 1179 1008 1219 Ave,
1033 1187 1106 1210 rosa
1130 1180 1234 1210 vuitus
1261 1179 1350 1216 clari,

927 1226 977 1258 Ibi
999 1229 1051 1257 tuo
1078 1226 1211 1258 salutari

976 1274 1110 1306 Carmen
1134 1273 1251 1304 laetum
1277 1273 1422 1305 eoncims.

927 1320 1047 1352 Mundo
1071 1320 1176 1351 lumen
1202 1319 1382 1352 effulsurum

928 1367 1138 1399 Praestolaris
1163 1367 1357 1398 nasciturum

972 1415 1216 1446 Praecursorem
1241 1414 1378 1446 luminis.

924 1499 1004 1541 Ave,
1030 1508 1112 1540 rosa,
1135 1500 1219 1531 trino
1244 1508 1350 1531 mense

924 1546 973 1578 Ibi
999 1548 1123 1586 perstas
1148 1546 1331 1587 innoffense,

970 1594 1047 1627 Mox
1073 1594 1229 1626 Iohannes
1254 1594 1404 1633 nascitur,

925 1641 983 1680 Qui
1006 1642 1078 1673 dum
1105 1642 1201 1682 vagit,
1228 1640 1333 1673 infans
1357 1645 1450 1673 natus

924 1688 986 1719 Per
1011 1691 1043 1720 te
1067 1688 1201 1726 primam
1228 1689 1367 1720 elevatus

970 1734 1092 1766 Fasciis
1116 1735 1300 1767 involvitur.

924 1820 1003 1859 Ave,
1032 1829 1105 1852 rosa
1125 1823 1207 1859 post,
1234 1830 1296 1852 non
1322 1824 1396 1853 ante

927 1867 1021 1898 Partu
1046 1867 1105 1898 tibi
1128 1871 1321 1908 properante

971 1914 1156 1946 Bethlehem
1180 1916 1368 1959 ingrederis,

925 1962 1062 1995 Verbum
1088 1961 1132 1993 ibi
1159 1972 1231 1995 earo
1256 1962 1374 1995 factum

924 2010 995 2041 Non
1022 2018 1079 2049 per
1102 2013 1190 2042 vetus
1207 2010 1297 2042 Evae
1321 2014 1449 2051 paetum

971 2057 1124 2089 Genuisse
1150 2058 1301 2092 crederis

924 2151 1004 2192 Ave,
1030 2160 1112 2194 rosa,
1139 2156 1213 2184 noto
1239 2162 1336 2194 more,

923 2199 1019 2232 Nullo
1045 2201 1150 2232 tamen
1175 2201 1208 2231 in
1235 2201 1345 2233 dolore

971 2247 1141 2279 Parturisti
1166 2247 1274 2288 filium,

925 2294 1038 2327 Clausa
1061 2303 1187 2334 semper
1213 2297 1403 2335 persistente

921 2343 982 2374 Via
1005 2351 1106 2381 saera,
1136 2352 1198 2383 qua
1223 2349 1354 2383 repente

968 2390 1145 2423 Profudisti
1170 2391 1284 2424 lilium.
