1650 2612
214 208 269 241 17.

210 426 262 458 18.

204 651 259 685 19.

202 877 256 909 20.

202 1102 257 1134 21.

197 1327 251 1358 22.

196 1551 249 1583 23.

190 1778 244 1809 24.

196 2003 251 2035 25.

190 2229 244 2261 26.

708 117 961 152 —264—

295 210 374 250 Ave,
402 210 499 251 virgo,
527 211 603 242 dans
628 211 758 243 salutem

292 257 387 297 Regis
412 258 510 289 nostri
535 266 592 296 per
616 258 773 296 virtutem,

293 303 350 342 Qui
375 312 431 335 nos
456 313 514 343 per
538 307 570 335 te
593 303 780 344 magnificet,

289 351 327 382 In
351 349 457 383 David
481 360 576 391 regno
602 352 743 383 collocet.

286 425 365 466 Ave,
390 426 519 464 placens
543 426 708 465 altissimo,

289 472 338 504 De
362 472 448 504 cuius
472 473 674 505 tabernaculo

286 518 421 551 Messias
446 520 532 550 venit
555 520 679 551 saeculo

284 566 456 605 Tamquam
467 575 598 606 sponsus
613 567 652 598 de
660 566 808 598 thalamo.

285 652 365 691 Ave,
391 651 500 691 regina
523 651 679 691 virginum

285 698 328 730 Et
350 698 509 730 medicina
534 698 709 738 criminum,

284 745 379 777 Mitte
402 745 491 777 nobis
514 746 664 777 auxilium

284 792 332 823 Tu
358 791 398 824 de
423 791 498 824 Sion
521 800 580 832 per
604 794 757 833 angelum.

283 877 363 919 Ave,
392 885 471 915 quae
494 877 554 909 Dei
577 878 704 909 nomina

284 923 420 955 Portasti
444 933 539 963 super
563 925 667 955 omnia

279 970 323 1002 Et
348 979 493 1002 coronam
516 972 548 1002 in
575 972 677 1010 capite

280 1017 330 1048 De
353 1018 491 1057 pretioso
515 1018 633 1056 lapide.

282 1102 362 1142 Ave,
385 1103 485 1132 mater
509 1102 714 1143 sanctissima,

281 1147 374 1180 Cuius
398 1148 466 1179 laus
492 1151 539 1180 est
564 1148 752 1189 dulcissima,

279 1195 309 1226 A
334 1194 455 1226 framea
479 1203 554 1227 erue
576 1204 627 1226 me

277 1241 314 1273 In
342 1242 445 1273 medio
472 1242 631 1274 ecclesiae.

278 1327 358 1367 Ave,
384 1327 472 1365 virgo
496 1327 630 1367 egregia,

276 1372 325 1404 De
349 1372 449 1411 stirpe
472 1373 576 1405 David
601 1374 715 1413 genita,

276 1419 337 1450 Dic
360 1419 434 1459 filio,
460 1423 496 1451 ut
518 1422 629 1460 pascat
651 1430 702 1452 me

276 1467 313 1498 In
338 1467 406 1498 loco
431 1475 506 1498 suae
530 1476 675 1507 pascuae.

277 1551 355 1591 Ave,
380 1550 441 1582 Dei
465 1551 639 1592 plenitudo,

274 1598 312 1629 In
333 1602 365 1630 te
389 1601 497 1636 sperat
518 1599 695 1639 multitudo,

273 1644 350 1683 Fac,
376 1648 411 1675 ut
435 1645 525 1678 nobis
550 1654 606 1677 rex
632 1647 783 1678 virtutum

274 1692 337 1723 Per
361 1695 393 1723 te
419 1692 514 1724 donet
536 1693 597 1724 iter
621 1696 731 1725 tutum.

271 1778 349 1819 Ave,
378 1777 488 1817 dulcis,
514 1786 582 1818 ave,
608 1780 662 1819 pia

269 1824 532 1864 Delinquentibus
556 1825 589 1856 in
615 1827 675 1866 via,

270 1871 357 1903 Doce
378 1871 469 1903 mites
494 1873 561 1904 vias
586 1872 656 1913 Dei,

270 1918 349 1956 Quia
372 1918 464 1950 nimis
488 1928 593 1950 sumus
618 1921 675 1953 rei.

277 2002 355 2040 Ave,
379 2000 495 2034 florens
520 2004 632 2044 gratia,

278 2049 339 2081 Pro
364 2051 418 2080 tua
441 2049 621 2082 innocentia

277 2096 308 2127 A
332 2098 364 2127 te
386 2104 500 2134 precor
523 2098 674 2138 exaudiri,

278 2143 374 2182 Quam
398 2151 461 2174 non
485 2143 577 2176 laesit
600 2147 701 2177 tactus
727 2146 796 2179 viri.

272 2229 350 2268 Ave,
379 2227 440 2260 Dei
464 2228 601 2270 dilectio,

272 2275 365 2308 Orbis
390 2275 586 2315 illuminatio,

271 2324 309 2355 In
334 2325 387 2355 tuo
413 2322 616 2355 'tabernaculo

268 2371 361 2403 Nunc
372 2370 525 2411 psalmum
540 2370 639 2402 dicam
649 2371 796 2404 Domino.

883 214 936 244 27.

881 429 934 460 28.

875 879 929 911 30.

873 1103 926 1136 31.

869 1330 923 1361 32.

867 1555 920 1587 33.

866 1781 920 1814 34.

871 2007 926 2039 35.

867 2233 920 2265 36.

962 214 1040 251 Ave,
1066 214 1199 252 paterna
1221 212 1332 255 pietas,

963 260 1015 291 Ad
1039 261 1071 289 te
1095 259 1204 298 clamo,
1229 267 1270 290 ne
1294 259 1398 298 sileas,

962 307 1023 338 Per
1047 309 1079 336 te
1103 314 1190 337 mens
1214 314 1284 337 mea
1307 304 1428 346 floreat,

961 353 1007 386 Ut
1030 352 1134 384 anima
1155 361 1218 384 non
1242 355 1362 391 pereat.

960 429 1039 465 Ave,
1067 428 1146 458 cella
1168 427 1330 469 trinitatis,

960 475 1058 507 Plena
1083 483 1156 505 rore
1179 474 1316 518 pietatis⁷

960 521 1025 553 Ora
1047 520 1149 552 Deum
1174 520 1357 561 maiestatis,

960 569 1004 602 Ut
1036 568 1090 599 det
1112 568 1202 600 nobis
1230 568 1348 599 caelum
1373 569 1480 607 gratis.

960 653 1039 691 Ave,
1067 660 1254 684 conservans
1279 652 1421 691 humiles,

958 699 1045 731 Audi
1070 699 1221 731 clamores
1241 698 1363 731 flebiles

958 747 1002 778 Et
1027 746 1066 777 de
1088 746 1160 778 lacu
1183 746 1329 778 miseriae

956 794 1021 825 Nos
1046 793 1136 825 trahe
1160 802 1255 833 regno
1280 794 1408 833 gloriae.

954 880 1033 920 Ave,
1057 878 1111 909 lux
1134 878 1357 919 navigantium,

955 925 1046 957 Salus
1070 925 1103 956 in
1126 928 1159 956 te
1182 926 1385 965 sperantium,

953 972 1032 1004 Esto
1056 975 1196 1004 nostrum
1222 971 1376 1013 refugium

954 1019 1051 1059 Apud
1073 1018 1176 1051 Deum
1200 1019 1397 1052 altissimum.

952 1105 1031 1145 Ave,
1057 1104 1149 1136 nimis
1175 1105 1276 1147 beata,

951 1151 1069 1182 Nostra
1094 1152 1164 1183 dele
1187 1155 1328 1194 peccata,

953 1198 1035 1229 Nam
1059 1200 1134 1229 tunc
1159 1201 1251 1230 erunt
1272 1199 1354 1230 bene
1382 1200 1475 1239 tecta,

952 1244 984 1276 Si
1008 1252 1066 1284 per
1090 1249 1124 1277 te
1149 1248 1240 1277 erunt
1263 1246 1393 1276 reiecta.

949 1329 1027 1372 Ave,
1055 1332 1163 1361 nostra
1186 1330 1328 1369 salvatio,

949 1376 995 1407 Tc
1020 1376 1111 1408 decet
1135 1376 1335 1419 collaudatio,

949 1422 1086 1454 Psallam
1109 1423 1169 1455 tibi
1192 1427 1363 1464 propterea

949 1469 1024 1501 Cum
1048 1470 1168 1502 cant-ico
1194 1473 1226 1501 et
1249 1471 1381 1504 cithara.

946 1555 1026 1593 Ave,
1052 1558 1153 1587 mater
1177 1555 1271 1595 digna
1294 1556 1374 1596 Deo,

950 1601 1043 1633 Cuius
1069 1602 1136 1633 laus
1159 1603 1191 1634 in
1216 1611 1271 1634 ore
1294 1612 1363 1635 meo

946 1649 990 1680 Et
1015 1649 1074 1681 erit
1099 1650 1183 1681 omni
1206 1652 1358 1693 tempore,

946 1695 1029 1727 Dum
1055 1696 1162 1729 vixero
1186 1698 1220 1729 in
1243 1705 1385 1737 corpore.

947 1783 1025 1821 Ave,
1051 1783 1152 1821 patris
1177 1785 1212 1814 tu
1236 1783 1339 1826 unica,

946 1828 1003 1860 Sta
1026 1838 1109 1861 nunc
1136 1839 1256 1862 mecum
1283 1834 1314 1862 et
1337 1830 1454 1872 iudica,

949 1875 1140 1916 Expugnato
1166 1881 1391 1918 expugnanteS,

949 1923 1008 1961 Qui
1033 1926 1104 1955 sunt
1129 1924 1208 1956 mihi
1230 1927 1447 1964 pernocentes.

951 2008 1031 2048 Ave,
1055 2011 1157 2040 mater
1180 2008 1278 2041 fontis
1303 2010 1397 2050 vitae,

952 2055 1017 2094 Quo
1039 2055 1149 2087 vivunt
1173 2056 1347 2098 lsraelitae‚

949 2101 1016 2133 Fac
1039 2111 1095 2134 nos
1121 2101 1238 2134 fontem
1263 2103 1309 2134 sic
1332 2108 1454 2144 potare,

951 2148 996 2181 Ut
1019 2150 1175 2189 possimus
1200 2158 1305 2181 secum
1330 2154 1416 2183 stare

947 2234 1026 2274 Ave,
1052 2234 1137 2265 salus
1162 2234 1332 2266 electorum

947 2280 991 2312 Et
1014 2280 1147 2313 salvatio
1172 2290 1289 2321 eorum,

946 2327 997 2359 Da
1020 2327 1111 2361 nobis
1136 2337 1193 2367 per
1216 2331 1250 2359 te
1273 2330 1392 2362 salvari

947 2374 992 2405 Et
1016 2384 1085 2407 cum
1110 2375 1227 2407 sanctis
1253 2378 1407 2410 coronari.
