1650 2612
170 211 223 244 15.

169 437 225 469 16.

173 664 227 696 17.

170 892 225 925 18.

169 1118 224 1151 19.

165 1346 221 1379 20.

167 1572 222 1604 21.

164 1800 219 1832 22.

161 2028 217 2061 23.

161 2246 217 2279 24.

667 116 936 153 —173—

250 212 329 252 Ave,
355 213 454 255 virgo,
483 212 583 246 forma
607 224 740 257 morum,

250 258 324 291 Tibi
347 259 501 300 Christus,
528 271 583 293 rex
608 263 774 302 caelorum,

251 306 367 338 Mundi
393 307 478 339 curis
502 309 671 348 expeditae

251 352 351 385 Notas
377 353 455 386 fecit
479 355 546 387 vias
571 355 666 389 vitae.

252 438 330 479 Ave,
359 439 458 480 virgo,
485 441 571 472 cuius
597 442 643 472 ori

251 485 339 525 Voci‚
367 487 474 518 verbis
499 490 531 518 et
555 489 685 520 clamori

250 532 310 564 Dei
334 542 425 566 aures
450 534 622 567 inclinatae

251 581 330 613 Sunt
354 582 539 619 praestandi
564 582 720 622 largitate.

253 665 333 705 Ave,
357 666 445 706 virgo
471 666 642 706 diligenda,

251 712 363 744 Laude
388 713 508 744 cunctis
532 712 753 755 praeferenda,

251 759 358 791 Radix
382 762 502 796 sancta,
528 768 635 792 semen
658 769 775 800 verum,

249 807 328 839 Flos
354 809 387 838 et
410 815 532 847 gemma
556 807 733 840 mulierum.

252 894 332 930 Ave,
357 892 445 923 cuius
469 894 659 931 provocatus

253 940 369 971 Forma
393 939 479 971 Deus
506 939 545 970 de
569 942 601 970 te
624 942 717 971 natus

250 987 450 1025 Pugnatums
476 995 537 1017 non
561 986 698 1024 expavit,

251 1033 317 1065 Sed
340 1037 376 1064 ut
399 1034 487 1074 gigas
513 1034 693 1065 exsultavit.

252 1120 328 1159 Ave,
356 1119 442 1150 scala
468 1118 586 1149 caelum
612 1120 753 1159 tangens,

246 1166 300 1197 Ad
320 1168 362 1203 te,
381 1166 479 1205 virgo,
496 1165 595 1196 clamo
608 1164 771 1205 plangens,

249 1212 294 1245 Ut
317 1221 336 1243 a
360 1212 453 1251 malo,
481 1212 575 1243 stella
600 1211 705 1249 maris,

246 1260 301 1291 Me
327 1260 366 1291 de
391 1259 466 1291 Sion
490 1259 619 1291 tuearis.

248 1345 329 1384 Ave,
354 1344 442 1376 lesse
467 1344 564 1384 stirps
588 1344 691 1387 beata,

246 1392 344 1431 Virgo
370 1396 442 1423 voto
467 1400 530 1422 non
553 1391 702 1424 fraudata

245 1439 305 1471 Tui
332 1439 437 1470 cordis
463 1441 495 1469 et
518 1441 641 1470 tuorum

248 1487 422 1519 Voluntate
444 1485 611 1518 labiorum.

248 1572 328 1610 Ave,
356 1571 453 1609 cuius,
482 1579 565 1614 quae
590 1574 747 1613 nascetur,

249 1617 435 1651 Claritatem
460 1626 535 1657 gens
561 1618 715 1661 loquetur,

248 1665 344 1698 Cuius
370 1665 469 1697 honor
493 1674 555 1696 non
583 1666 736 1697 decrescit

243 1713 288 1744 Et
311 1715 453 1752 potestas
478 1711 572 1743 finem
597 1713 707 1745 nescit.

246 1800 326 1836 Ave,
355 1798 450 1838 digna
474 1797 560 1829 omni
583 1797 687 1839 laude,

246 1846 341 1878 Casta
364 1845 423 1877 Dei
449 1847 560 1885 mater,
586 1845 690 1885 gaude

243 1893 288 1926 Et
310 1892 444 1924 admitte
468 1895 542 1924 vota
565 1900 704 1932 precum,

243 1941 290 1974 Ut
306 1940 360 1983 sis,
379 1940 478 1982 virgo,
497 1948 622 1980 semper
638 1949 769 1972 mecum.

243 2028 324 2067 Ave,
350 2027 449 2069 virgo,
478 2025 566 2056 cuius
591 2033 700 2056 manus

245 2075 317 2107 Non
343 2073 487 2106 foedavit
511 2076 600 2104 actus
626 2081 735 2114 vamJS,

244 2124 308 2155 Sed
334 2121 373 2153 ab
400 2121 485 2154 omni
509 2121 670 2160 pravitate

240 2170 429 2202 Innocentes
453 2171 526 2201 sunt
551 2170 706 2202 servatae.

242 2246 322 2288 Ave,
351 2245 440 2286 virgo
465 2245 619 2284 speciosa,

242 2294 338 2327 Cuius
363 2294 453 2333 quasi
477 2301 588 2324 recens
614 2299 687 2323 rosa

242 2341 352 2381 Spirat
377 2349 459 2379 caro,
487 2349 541 2372 cor
565 2340 712 2379 laetatur,

241 2389 333 2423 Mens
355 2389 389 2420 in
416 2389 506 2421 bonis
533 2388 724 2421 demmatur.

846 215 900 248 25.

845 443 899 475 26.

845 669 900 700 27.

844 894 899 926 28.

843 1120 899 1151 29.

841 1347 896 1379 30.

841 1574 896 1606 31.

841 1800 895 1831 32.

840 2246 895 2278 34.

927 216 1004 258 Ave,
1032 214 1129 253 virgo,
1157 222 1236 253 quae
1259 213 1322 245 iam
1346 212 1436 244 audis

927 262 1037 294 Coram
1062 261 1174 292 throno
1200 268 1306 291 vocem
1334 259 1447 299 laudis,

927 309 1005 341 Iube
1029 308 1122 340 simul
1145 316 1203 339 nos
1226 310 1341 346 astare,

927 356 987 387 Dei
1011 355 1121 388 laudes
1147 363 1304 386 enarrare.

925 442 1006 480 Ave,
1032 441 1131 481 virgo,
1157 448 1267 478 rumpe
1291 447 1407 480 moraS,

929 488 971 519 Et
994 489 1035 520 ad
1059 496 1175 527 omnes,
1204 495 1329 526 precor,
1356 486 1449 517 horas

924 535 1005 566 Mihi
1032 537 1135 565 custos
1172 537 1202 565 et
1227 533 1367 566 adiutrix

925 582 1014 622 Esto,
1042 581 1136 621 digna
1159 581 1218 613 Dei
1245 581 1365 612 nutrix,

926 669 1006 708 Ave,
1032 666 1121 706 virgo
1147 675 1280 698 vernans
1305 665 1393 704 flore,

927 714 1027 745 Gustu
1053 713 1139 744 cuius
1164 715 1196 744 et
1220 713 1317 744 odore

925 761 1062 792 Rursum
1087 760 1179 792 homo
1204 760 1377 791 iuvenescit

924 807 969 839 Et
993 809 1034 839 ad
1059 808 1154 839 vitam
1178 807 1352 839 revirescit.

927 894 1005 934 Ave,
1029 892 1128 932 virgo,
1154 895 1187 923 et
1211 900 1341 931 appare,

926 940 1004 971 Iube
1027 943 1129 971 tecum
1156 947 1206 970 me
1231 946 1363 978 regnare

925 986 969 1017 Et
992 987 1033 1018 ad
1058 985 1225 1025 Christum,
1253 994 1313 1024 quo
1338 984 1442 1027 abisti,

925 1034 1001 1065 Post
1023 1036 1055 1064 te
1070 1033 1172 1075 trahe,
1198 1035 1298 1063 mater
1314 1032 1446 1066 Christi.

924 1120 1004 1157 Ave,
1032 1117 1129 1159 virgo,
1152 1116 1241 1149 savus
1267 1116 1382 1155 mellis,

925 1164 1027 1204 Cedit,
1051 1173 1133 1204 ecce,
1160 1164 1207 1196 sol
1233 1172 1303 1195 cum
1327 1163 1428 1194 stellis

924 1212 983 1243 Tui
1008 1211 1112 1243 vultus
1136 1211 1285 1250 claritati,

923 1259 972 1291 Tu
998 1259 1120 1291 decoris
1147 1257 1361 1291 consummati.

923 1345 1002 1387 Ave,
1029 1344 1127 1383 virgo,
1155 1343 1226 1375 finis
1250 1344 1326 1385 irae,

923 1392 1028 1433 Purga
1053 1391 1161 1430 culpas
1187 1393 1219 1421 et
1241 1390 1369 1431 largire,

922 1439 989 1471 Nos
1013 1442 1143 1479 peracto
1172 1447 1264 1470 cursu
1288 1437 1396 1469 mundi

922 1487 986 1518 Pro
1011 1486 1151 1526 peccatis
1174 1494 1238 1518 non
1261 1484 1421 1517 confundi.

922 1572 1001 1615 Ave,
1026 1571 1116 1611 virgo
1141 1571 1274 1611 pulchra
1300 1571 1379 1613 visu,

920 1619 1083 1659 Deprecor
1107 1621 1139 1650 te
1164 1620 1229 1651 toto
1253 1618 1337 1660 nisu,

922 1667 977 1698 Me
1002 1667 1187 1698 clamantem
1213 1668 1280 1697 tota
1306 1666 1366 1706 die,

923 1714 982 1746 Pia
1006 1716 1116 1753 mater,
1144 1712 1220 1745 audi
1243 1712 1305 1752 pie.

922 1798 1000 1837 Ave,
1027 1800 1137 1840 mater,
1162 1799 1250 1838 virgo
1276 1801 1393 1839 tamen,

922 1846 1022 1878 Posce
1045 1854 1168 1877 sacrum
1188 1844 1248 1878 Dei
1272 1843 1398 1885 flamen,

919 1893 971 1924 Ad
997 1892 1154 1924 munimen
1179 1892 1270 1924 nobis
1297 1892 1366 1924 dari

920 1940 964 1972 Et
987 1950 1007 1972 a
1032 1940 1127 1973 verbo
1153 1949 1210 1973 nos
1233 1939 1363 1973 firmari.

889 2049 895 2056 .
922 2027 1002 2067 Ave,
1029 2025 1118 2066 virgo
1143 2035 1221 2067 ruga
1245 2035 1366 2066 carens,

922 2073 983 2114 Da,
1008 2075 1129 2106 intacta
1154 2073 1212 2106 Dei
1237 2083 1364 2114 parens,

923 2121 969 2154 Ut
993 2122 1061 2154 laus
1085 2124 1140 2153 tua
1163 2130 1233 2154 cum
1260 2122 1389 2154 dulcore

922 2169 996 2201 Meo
1022 2177 1147 2208 semper
1171 2168 1213 2201 sit
1236 2169 1270 2200 in
1296 2177 1359 2203 ore.

921 2244 1001 2285 Ave,
1026 2248 1137 2285 mater,
1164 2254 1277 2284 expers
1303 2244 1374 2283 viri,

919 2291 970 2324 Da
995 2302 1044 2324 me
1070 2292 1197 2333 dignum
1221 2292 1367 2332 inveniri,

920 2340 1016 2379 Quem
1044 2340 1183 2380 digneris
1206 2340 1368 2381 adiuvare,

919 2387 1003 2431 Noli,
1027 2387 1125 2429 virgo,
1152 2398 1200 2420 me
1225 2389 1366 2421 tardare.
