1650 2612
179 208 234 240 47.

180 424 235 455 48.

210 1578 240 1609 ,ΕΠ

685 109 937 144 —268—

261 208 339 248 Ave,
365 207 461 238 turris
484 205 650 245 Davidica,

262 253 401 287 cantabo
425 254 492 285 Deo
518 252 650 293 cantica,

261 301 346 339 Quae
370 299 447 331 fecit
468 298 636 337 mirabilia,

260 347 339 380 Sunt
361 347 453 379 nimis
477 345 659 378 laudabilia.

260 422 339 463 Ave,
365 420 454 460 felix,
480 429 573 460 quam
596 420 711 460 beavit,

257 469 296 501 Iu
320 478 381 509 qua
405 469 490 500 Deus
517 471 547 499 et
572 468 725 507 regnavit,

257 515 411 548 Excelsus
435 515 520 547 Deus
547 514 586 546 de
611 514 685 546 Sion

262 563 379 595 Creans
403 562 537 601 Moysen
562 564 594 592 et
615 561 734 593 Aaron.

853 206 909 237 49.

855 420 908 451 50.

935 204 1014 244 Ave,
1041 206 1136 242 casta,
1162 201 1330 242 gratulare,

934 251 1000 282 Fac
1022 258 1079 281 nos
1103 249 1171 280 Deo
1195 248 1330 280 iubilare

933 296 978 329 Et
998 297 1033 328 in
1055 299 1143 327 terra
1166 296 1213 326 sie
1234 294 1365 333 servire,

933 343 983 374 Ne
1006 343 1171 382 permittas
1195 350 1252 373 nos
1276 341 1391 381 perire.

934 419 1014 456 Ave,
1040 420 1150 457 mater,
1175 417 1235 448 ‘cibi
1258 416 1390 455 psallam

935 466 1041 505 Atque
1064 473 1122 504 per
1145 466 1178 495 te
1199 464 1379 503 intellegam

935 512 997 545 Dei
1019 512 1263 550 misericordias,

936 559 982 591 Ut
1006 560 1035 591 ei
1057 558 1191 591 reddam
1215 558 1359 598 gratias*

564 646 712 677 Tertia
745 645 1055 684 Quinquagena.

227 740 234 746 .
259 713 337 754 Ave,
363 710 467 743 ferens
491 711 552 743 Dei
575 709 694 751 florem,

259 760 344 791 Audi
369 767 471 790 meum
493 766 576 790 nunc
601 759 781 798 clamorem,

260 808 377 838 Aurem
401 809 486 837 tuam
510 815 571 837 non
596 807 731 845 avertas,

263 853 383 885 Praehe
406 852 483 884 mihi
506 853 574 884 vias
600 854 712 884 certas.

226 954 233 962 .
260 931 338 969 Ave,
360 928 428 961 Deo
452 927 631 969 fecundata,

262 975 364 1008 Aufer
388 984 457 1007 mea
480 985 563 1007 nunc
586 977 725 1014 peccata,

265 1022 310 1056 Ut
331 1023 475 1055 iuventus
499 1024 657 1053 vetustata

263 1069 325 1102 Per
349 1073 381 1101 te
403 1068 463 1100 fiat
486 1071 644 1101 renovata.

231 1169 237 1176 .
264 1145 342 1183 Ave,
367 1145 475 1175 lucens
499 1151 595 1183 super
618 1143 726 1183 solem,

265 1191 322 1223 Cui
345 1191 431 1223 Deus
458 1189 512 1222 dat
537 1191 691 1229 decorem,

264 1236 363 1269 Aufer
388 1246 408 1268 a
429 1245 480 1269 me
504 1237 607 1269 carnis
629 1237 742 1268 molem

266 1284 328 1316 Per
351 1292 458 1316 veram
482 1283 716 1317 confessionem.

264 1360 341 1401 Ave,
368 1367 443 1390 vera
467 1359 521 1390 lux
550 1359 622 1396 diei,

263 1405 386 1438 Memor
411 1409 476 1438 esto
500 1414 623 1446 semper
647 1406 718 1445 mei,

266 1454 328 1485 Pro
357 1461 407 1484 me
430 1454 551 1492 patrem
574 1461 630 1484 ora
653 1461 785 1492 semper,

265 1499 346 1532 Nam
372 1502 419 1531 est
442 1509 534 1531 verus
559 1498 645 1531 Deus
669 1503 784 1532 noster.

267 1577 344 1615 Ave,
370 1575 474 1606 lumen
500 1575 676 1610 electorum,

264 1622 463 1654 Medicamen
486 1624 695 1663 peccatorum,

266 1668 359 1701 Nunc
384 1669 518 1700 extende
541 1677 666 1700 manum
691 1671 775 1700 tuam

268 1716 321 1748 Ad
345 1716 525 1747 laetandum
550 1719 671 1756 gentem
690 1718 786 1747 tuam.

264 1793 344 1832 Ave,
370 1792 473 1823 lumen
499 1792 650 1832 veritatis,

266 1839 336 1871 Duc
358 1847 408 1870 me
431 1839 511 1870 viam
540 1838 685 1878 civitatis,

266 1886 303 1917 In
328 1895 387 1925 qua
411 1886 519 1925 nequit
541 1886 660 1917 esurire

266 1932 358 1965 Ullus
380 1932 501 1964 intrans
525 1941 585 1964 nec
608 1934 709 1965 sitire.

232 2034 239 2041 .
263 2009 342 2050 Are,
366 2010 467 2039 mater
489 2011 619 2046 portans
643 2008 755 2052 Deum,

270 2054 318 2086 Tu
341 2063 420 2093 para
444 2054 511 2086 Deo
536 2064 589 2087 cor
612 2064 724 2095 meum,

267 2101 314 2134 Ut
337 2103 457 2132 cantem
481 2101 514 2133 in
539 2102 639 2141 gloria

271 2148 345 2181 Cum
371 2148 491 2180 cantico
518 2151 549 2179 et
574 2149 703 2180 cithara.

231 2250 237 2257 .
262 2225 340 2267 Ave,
367 2223 430 2263 pia,
452 2232 585 2263 parcens
610 2233 673 2265 reo,

265 2272 390 2303 Laudes
414 2279 499 2302 meas
520 2270 596 2303 offer
619 2271 698 2310 Deo,

268 2319 348 2359 Non,
374 2320 410 2350 ut
432 2326 514 2358 reor,
541 2321 588 2349 est
613 2318 734 2349 decoris

266 2367 351 2398 Laus
375 2366 406 2397 in
433 2374 487 2397 ore
511 2366 697 2404 peccatoris,

875 711 905 743 9.

854 927 907 959 10.

855 1142 910 1174 11.

858 1357 911 1390 12.

859 1575 912 1607 13.

857 1793 914 1825 14.

858 2010 913 2043 15.

858 2225 912 2257 16.

931 709 1010 751 Ave,
1038 708 1140 748 rigata
1165 707 1304 747 caelitus,

933 756 1027 788 Cuius
1051 756 1168 787 iuravit
1188 754 1322 795 genitus,

932 802 976 835 Et
999 811 1068 834 eum
1093 812 1155 834 non
1178 800 1362 841 paenitebit,

933 849 994 882 Per
1019 853 1051 881 te
1074 858 1124 881 me
1146 857 1233 880 reum
1257 847 1402 880 salvabit.

934 926 1013 965 Ave,
1041 925 1126 956 cuius
1153 924 1282 956 consilio

934 970 1122 1007 Sanctorum
1147 971 1345 1011 congregatio

935 1019 1003 1052 Stat
1026 1028 1150 1060 semper
1173 1019 1206 1049 in
1230 1017 1352 1049 iustitia

933 1066 979 1099 Et
1001 1067 1034 1098 in
1057 1064 1298 1106 magnificentia.

936 1142 1015 1180 Ave,
1042 1141 1142 1173 duleis
1164 1140 1324 1183 memoria,

936 1188 1093 1221 Bonorum
1116 1196 1188 1228 spes
1215 1189 1247 1219 et
1270 1186 1380 1226 gloria,

937 1235 1060 1277 Omnes,
1083 1235 1137 1274 qui
1150 1235 1263 1266 timent
1278 1234 1457 1273 Dominum,

936 1282 1053 1314 Tecum
1078 1284 1170 1314 erunt
1191 1281 1224 1312 in
1249 1280 1417 1313 saeculum.

937 1358 1017 1398 Ave,
1042 1357 1076 1389 in
1101 1356 1173 1388 altis
1196 1356 1330 1399 habitas,

935 1404 1126 1438 Humiliatos
1151 1404 1294 1443 suscitas,

936 1450 1058 1483 Nomen
1082 1454 1169 1482 tuum
1193 1449 1339 1482 mirabile

936 1498 983 1531 Sit
1008 1498 1150 1530 omnibus
1174 1497 1342 1530 laudabile.

937 1574 1017 1614 Ave,
1043 1582 1101 1614 per
1124 1574 1209 1605 euius
1234 1572 1334 1606 filium

941 1621 1099 1653 Habemus
1122 1630 1206 1653 nuno
1232 1621 1394 1663 auxilium,

939 1668 988 1700 Tu
1012 1677 1137 1707 semper
1162 1676 1194 1699 es
1219 1667 1399 1708 laudabilis,

938 1715 1020 1747 Nam
1042 1715 1103 1747 tibi
1125 1724 1189 1747 non
1213 1718 1261 1747 est
1285 1715 1407 1747 similis.

940 1793 1020 1834 Ave,
1046 1794 1156 1831 mater,
1183 1800 1272 1832 quam
1301 1791 1408 1832 dilexi,

938 1839 991 1871 Ad
1015 1842 1048 1871 te
1070 1847 1197 1878 precem
1221 1848 1305 1870 nunc
1331 1839 1446 1877 direxi,

938 1886 986 1919 Tu
1010 1887 1176 1926 parvulum
1202 1886 1360 1918 custodias

939 1934 1077 1974 Viasque
1100 1942 1185 1965 meas
1212 1933 1339 1973 dirigas,

939 2010 1019 2049 Ave,
1046 2018 1138 2049 quam
1162 2017 1288 2049 semper
1314 2008 1453 2048 diligam,

940 2056 1002 2089 Sed
1028 2056 1086 2088 tibi
1110 2056 1185 2096 quid
1210 2055 1407 2088 retribuam?

939 2103 1062 2135 Nomen
1084 2103 1147 2135 Dei
1169 2103 1334 2145 invocabo,

940 2150 993 2182 Sic
1016 2160 1074 2190 per
1099 2159 1168 2181 eum
1193 2156 1225 2181 te
1248 2148 1392 2189 placabo.

938 2227 1017 2267 Ave,
1044 2235 1061 2257 ο
1085 2228 1186 2257 mater
1210 2225 1337 2265 saeculi,

938 2274 1035 2312 Quam
1060 2272 1191 2306 laudant
1211 2280 1317 2303 omnes
1343 2274 1465 2313 populi,

939 2319 1005 2351 Nos
1029 2320 1193 2351 laudemus
1218 2319 1279 2351 Dei
1304 2320 1447 2360 verbum,

939 2367 1028 2405 Quod
1052 2369 1218 2407 permanet
1240 2367 1274 2398 in
1292 2371 1463 2401 aeternum.
