1650 2612
222 221 277 254 31.

221 630 275 661 32.

219 1037 275 1069 33.

216 1442 272 1473 34.

212 1849 267 1881 35.

209 2259 263 2292 36.

730 131 986 166 ——221—

303 222 382 262 Ave,
411 225 459 255 cui
486 234 547 257 non
572 226 731 266 imputans

348 270 502 304 Dominus
526 275 689 314 peccatum

301 317 433 349 Partum
459 320 548 351 dedit
571 320 692 361 gloriae

349 363 548 407 fructumque
570 368 708 405 beatum,

304 411 365 444 Cor
389 422 501 453 gerens
527 418 559 446 et
584 415 724 454 corporis

351 460 446 492 decus
470 461 638 503 illibatum,

301 507 499 540 Aerumnosa
522 512 648 541 contere

349 555 457 594 spinas
482 557 688 596 voluptatum.

304 630 382 670 Ave,
408 640 466 670 per
491 640 585 671 quam
609 631 690 663 filios

349 677 508 709 hominum
533 678 683 720 respexit,

303 724 381 757 Cum
405 734 462 756 nos
487 725 574 757 Deus
599 725 730 758 visitans

350 772 390 804 de
415 772 501 804 caelo
523 772 699 813 prospexit,

302 819 361 858 Qui
387 820 426 851 de
451 822 561 851 ventre
584 819 715 859 virginis

346 866 529 899 incarnatus
555 868 628 909 exit,

300 913 429 957 Nostra,
455 923 534 954 quae
558 916 750 954 susceperat,

346 961 380 992 in
405 970 463 993 sua
482 962 638 1001 provexit.

301 1036 380 1078 Ave,
409 1036 495 1067 cuius
520 1037 625 1068 anima

344 1084 377 1114 in
402 1083 470 1114 Deo
495 1083 644 1114 laudatur

299 1130 495 1161 Benedicens
520 1130 698 1169 Dominum,

343 1186 402 1216 per
426 1185 518 1217 quem
543 1178 711 1216 exaltatur,

298 1223 384 1263 Tuis,
411 1224 510 1263 virgo,
537 1223 680 1266 benedic,

346 1274 378 1302 et
402 1270 619 1311 benedicatur,

297 1318 361 1349 Per
385 1327 476 1358 quem
500 1318 680 1350 benedictio

345 1364 431 1397 facta
453 1366 667 1405 praedicatur.

298 1441 378 1482 Ave,
404 1441 443 1472 de
468 1450 528 1480 qua
552 1440 653 1473 voluit-

344 1488 431 1519 nasci
455 1497 512 1519 rex
536 1489 698 1526 virtutum,

297 1535 368 1566 Non
394 1535 568 1567 abhorrens
592 1538 721 1574 tangere

345 1582 448 1613 carnis
473 1585 601 1614 nostrae
625 1583 733 1625 lutum,

295 1629 548 1668 Apprehendens
574 1629 705 1670 mystice

344 1685 432 1708 arma
457 1679 551 1716 atque
575 1679 697 1708 scutum

295 1723 461 1755 Hominem
488 1724 603 1763 eripiat

342 1779 402 1811 ope
428 1771 622 1805 destitutum.

294 1849 374 1890 Ave,
400 1846 627 1880 fecundissima

342 1895 452 1927 domus
478 1895 644 1936 ubertatis,

292 1942 432 1974 Torrens
458 1942 645 1975 indeficiens

341 1993 447 2022 castae
472 1991 654 2032 voluptatis,

293 2037 397 2070 Fonte
421 2047 479 2070 nos
504 2038 628 2070 inebria

342 2088 472 2118 sanctae
496 2086 649 2128 caritatis,

294 2132 358 2166 Cor
382 2134 423 2165 ad
449 2134 554 2165 lumen
582 2132 722 2165 excitans

339 2190 479 2213 summae
505 2179 669 2214 claritatis.

290 2257 370 2301 Ave,
398 2257 635 2298 benignissima,

337 2315 492 2346 nusquam
518 2304 682 2346 malignari

292 2353 361 2385 Nec
384 2354 417 2385 in
443 2351 688 2394 malignantibus

337 2401 445 2434 volens
470 2401 635 2441 aemulari,

897 446 950 478 37.

895 851 951 882 38.

893 1256 947 1288 39.

891 1662 947 1695 40.

889 2069 943 2101 41.

977 227 1070 259 Cuius
1096 229 1144 257 est
1167 226 1200 257 in
1224 226 1360 257 Domino

1023 282 1147 314 semper
1173 273 1334 315 delectari,

977 321 1071 354 Cuius
1096 329 1152 352 nos
1179 320 1300 352 deliciis

1024 370 1106 401 dona
1129 367 1248 399 satiari.

978 447 1056 485 Ave,
1081 446 1182 475 mater
1206 443 1330 475 unicum

1021 500 1173 532 generans
1200 491 1370 531 dulcorem,

975 538 1137 571 Venientis
1162 538 1275 569 iudicis

1022 589 1163 625 tempera
1187 583 1335 624 furorem,

975 633 1024 664 Ne
1047 633 1080 664 in
1104 632 1153 663 ira
1176 632 1309 663 sentiam

1023 680 1111 711 illum
1138 681 1351 718 correptorem

975 726 1038 759 Sed
1063 726 1147 760 vitae
1171 728 1342 765 perpetuae

1022 783 1080 814 per
1104 776 1136 804 te
1158 773 1348 813 largitorem.

976 851 1056 889 Ave,
1084 848 1132 880 cui
1159 848 1290 889 spiritus

1021 898 1146 928 sanctus
1171 895 1380 931 obumbravit,

975 944 1057 976 Dum
1084 943 1186 974 carnis
1212 942 1376 974 materiam

1023 999 1094 1022 caro
1119 989 1320 1032 ministravit,

975 1039 1051 1071 Cum
1077 1040 1216 1069 nostram
1240 1036 1448 1068 substantiam

1021 1085 1082 1116 sibi
1106 1083 1248 1122 sociavit,

975 1132 1027 1164 Ad
1052 1139 1139 1162 suam
1164 1139 1220 1161 nos
1245 1130 1377 1170 gloriam

1020 1179 1106 1210 Deus
1130 1177 1286 1209 invitavit.

974 1255 1052 1293 Ave,
1078 1261 1137 1293 per
1161 1261 1253 1292 quam
1277 1252 1404 1284 reddita

1020 1302 1075 1332 lux
1101 1299 1217 1331 effulsit
1241 1300 1353 1339 caecis,

974 1348 1071 1387 Quam
1096 1355 1155 1386 per
1179 1347 1279 1378 Evam
1305 1346 1436 1378 abstulit

1021 1396 1129 1436 gustus
1152 1394 1208 1425 ille
1228 1394 1325 1434 necis,

975 1443 1025 1475 De
1048 1444 1120 1474 lacu
1144 1442 1291 1473 miseriae

1021 1493 1053 1521 et
1077 1489 1116 1520 de
1138 1489 1204 1520 luto
1229 1487 1326 1520 faecis

972 1537 1038 1569 Nos
1053 1534 1179 1569 ‘educat
1203 1539 1347 1567 mentum

1020 1589 1094 1616 tuae
1119 1586 1248 1615 sanotae
1271 1584 1386 1624 precis,

972 1662 1052 1700 Ave,
1079 1660 1271 1697 beatissima,

1020 1717 1078 1748 per
1103 1716 1192 1747 quam
1217 1715 1273 1738 nos
1298 1709 1448 1747 respeint,

973 1756 1104 1795 Quando
1129 1763 1225 1794 super
1249 1762 1404 1793 pauperes

1018 1802 1105 1834 Deus
1128 1801 1297 1841 intellexit,

972 1850 1154 1890 Egestatem
1180 1848 1313 1880 hominis

1019 1897 1107 1930 dives
1132 1905 1194 1927 non
1221 1896 1378 1938 despexit,

972 1945 1035 1977 Sed
1059 1945 1092 1976 in
1119 1952 1176 1975 nos
1203 1944 1428 1976 charismatum

1018 2000 1149 2024 munera
1174 1992 1328 2023 convexit.

969 2070 1049 2109 Ave,
1078 2077 1168 2108 quam
1195 2067 1265 2099 fons
1291 2068 1411 2109 gloriae

1018 2116 1119 2148 voluit
1142 2116 1285 2158 implere,

971 2164 1016 2196 Ut
1038 2164 1071 2195 in
1097 2163 1167 2203 ipso
1192 2162 1283 2195 fieres

1018 2210 1089 2243 fons
1114 2211 1224 2243 salutis
1248 2220 1323 2244 vere

971 2258 1109 2291 Nostrae
1136 2258 1329 2290 desiderium

1018 2306 1132 2339 mentis
1157 2306 1282 2338 intuere

969 2354 1058 2386 Dans
1085 2354 1125 2386 de
1149 2354 1347 2393 plenitudine

1018 2401 1114 2434 fontis
1139 2411 1196 2433 nos
1221 2402 1370 2442 gaudere.
