1650 2612
151 217 205 249 27.

151 536 208 569 28.

152 859 206 890 29.

156 1178 210 1210 30.

157 1498 212 1531 31.

156 1820 211 1851 32.

674 125 900 158 —55-

232 218 311 255 Ave,
338 217 421 259 Iesu,
449 217 535 248 cuius
562 226 635 250 caro

232 264 371 295 Poenam
396 262 502 295 ferens
527 263 567 295 ab
593 273 701 296 amaro

280 308 347 340 Nos
372 312 487 351 purgat
514 312 667 351 contagio,

234 356 341 388 Meam
367 360 504 389 mentem
522 360 640 389 castam
658 365 761 395 serva,

234 403 284 435 Ne
310 403 496 437 daemonum
521 404 582 436 hoc
604 405 754 446 proterva

282 449 473 491 Corrumpat
495 451 644 486 incursio.

235 537 314 575 Ave,
339 536 415 568 Iesu
438 539 556 577 noster,
583 545 653 576 ave,

235 583 351 615 Mundi
375 587 542 624 reparator
567 593 585 615 a
610 591 669 616 vae

284 631 394 663 Crucis
419 630 526 663 ferens
550 632 703 670 pondera,

234 679 264 710 A
291 677 460 710 Chaldaeis
485 679 646 710 veneraris

233 725 278 757 Et
303 734 323 756 a
345 725 447 765 magis
471 725 627 766 adoraris,

282 771 431 812 Dantque
455 771 515 804 tibi
539 781 679 804 munera.

234 858 313 899 Ave,
340 857 423 897 Iesu,
452 857 506 897 qui
530 858 650 889 sanasti

236 904 371 936 Luctum
396 905 490 936 Adae
513 904 705 945 protoplasti

283 950 424 991 Eiusque
449 952 645 992 propaginis,

236 998 281 1029 Es
307 999 428 1038 angelis
453 998 637 1039 minoratus,

239 1044 313 1076 Cum
342 1053 375 1076 es
400 1045 501 1077 nostri
526 1046 711 1077 recordatus

285 1090 409 1131 Corpus
431 1100 557 1123 sumens
580 1092 724 1132 virginis.

237 1177 318 1217 Ave,
346 1176 429 1217 Iesu,
455 1177 620 1209 beatorum

239 1224 320 1267 Vita,
347 1224 439 1263 panis
465 1224 647 1263 angelorum

285 1270 374 1303 Caeli
399 1271 478 1303 dans
504 1270 646 1312 delicias,

237 1318 316 1350 Esto
341 1318 419 1350 mihi
444 1317 672 1357 fulcimentum,

239 1365 357 1397 Contra
382 1366 489 1397 hostes
514 1365 751 1403 munimentum,

284 1412 330 1444 Ut
354 1413 476 1444 salvum
499 1420 550 1443 me
575 1411 685 1444 facias

237 1498 318 1537 Ave,
344 1498 426 1540 Iesu,
453 1497 577 1529 laetitia

240 1544 359 1577 Summi
383 1545 485 1584 patris
511 1547 542 1575 et
566 1545 677 1584 gloria,

285 1591 471 1623 Sanctorum
496 1592 702 1631 praesidium,

239 1639 323 1670 Fere
346 1647 449 1669 meum
473 1638 632 1669 inimicum

238 1686 283 1717 Et
308 1694 363 1717 cor
386 1686 464 1717 mihi
491 1685 532 1716 da
556 1685 717 1726 pudicum,

286 1733 368 1775 Iesu,
397 1732 500 1765 factor
524 1732 672 1764 omnium.

238 1820 318 1858 Ave,
345 1818 427 1858 Iesu,
455 1826 516 1858 quo
541 1817 652 1849 beatus

240 1866 328 1898 Grex
353 1868 402 1897 est
424 1866 481 1897 ille
507 1864 672 1896 dealbatus

287 1913 502 1953 Supernarum
529 1912 695 1952 virginum,

239 1960 342 1993 Verbo
369 1963 422 1992 tuo
447 1960 609 2000 spiritales

238 2010 436 2041 Recreantur
461 2009 493 2039 et
519 2007 661 2038 carnales

285 2055 332 2087 Te
358 2057 550 2096 cognoscunt
574 2054 754 2086 Dominum.

237 2153 318 2190 Ave,
344 2150 427 2192 Iesu,
455 2149 541 2181 cuius
569 2149 651 2180 dono

237 2197 392 2231 Reficitur
416 2196 516 2229 omnis
542 2196 634 2228 homo

287 2245 433 2285 Puraque
457 2243 624 2282 sententia,

239 2293 305 2325 Nos
331 2300 448 2332 amare,
475 2291 558 2331 quod
583 2289 753 2330 praecipis,

237 2340 314 2380 Fac,
340 2348 380 2371 ne
406 2340 595 2371 daemonum
612 2337 767 2378 principis

285 2387 449 2419 Fallamur
470 2386 597 2419 astutia.

833 218 889 251 34.

834 536 889 569 35.

837 855 891 889 36.

836 1174 892 1207 37.

839 1495 892 1527 38.

839 1815 893 1847 39.

838 2146 893 2179 40.

916 218 994 259 Ave,
1020 217 1104 258 Iesu,
1132 218 1218 248 cuius
1244 217 1335 248 minis

915 263 1039 295 Cedunt
1062 263 1178 303 hostes,
1204 264 1291 295 venit
1314 263 1395 306 finis,

960 310 1007 343 Ut
1028 309 1148 341 iudices
1174 310 1333 349 homines3

914 357 1023 399 Arma,
1049 359 1171 388 scutum
1196 357 1409 397 apprehende,

914 403 1000 435 Deus
1025 403 1088 444 pie,
1114 412 1164 436 me
1190 403 1326 435 defende

963 451 1041 484 Cum
1064 451 1182 482 sanctis
1207 453 1239 482 et
1263 451 1401 484 ordines,

915 536 995 577 Ave,
1020 535 1103 575 iesu,
1128 535 1200 567 fons
1224 543 1383 575 amoenus,

915 582 965 614 De
989 591 1049 622 quo
1074 583 1161 614 rivus
1185 584 1292 614 manat
1316 582 1428 622 plenus

967 629 1102 661 Caelesti
1128 629 1302 670 dulcedine,

917 678 992 719 Fac,
1019 679 1055 708 ut
1078 679 1180 708 tecum
1207 676 1377 717 gloriemur

916 723 961 755 Et
984 727 1132 755 aeternae
1155 724 1309 756 sociemur

967 770 1079 802 Vultus
1102 770 1148 801 tui
1172 770 1298 802 lumine.

919 857 997 894 Ave,
1023 854 1105 896 Iesu,
1131 855 1185 894 qui
1211 854 1315 894 diligis

916 902 1093 934 Veritatem
1118 905 1150 932 et
1174 901 1264 941 eligis

967 949 1127 987 Pauperes
1150 948 1183 979 in
1208 949 1376 988 saeculum,

917 997 946 1027 A
971 995 1077 1035 gladio
1102 995 1277 1035 peccatoris

917 1042 961 1074 Et
985 1052 1004 1074 a
1028 1041 1136 1082 lingua
1160 1042 1348 1074 detractoris

965 1089 1065 1121 Serva
1085 1092 1174 1120 tuum
1197 1089 1358 1121 famulum.

918 1174 998 1210 Ave,
1024 1172 1107 1210 Iesu,
1135 1173 1221 1204 cuius
1247 1172 1344 1204 verba

919 1219 1051 1259 Semper
1077 1218 1180 1250 virent
1203 1220 1290 1252 velut
1314 1220 1412 1251 herba

966 1267 1004 1298 In
1028 1269 1208 1298 sanctorum
1232 1266 1391 1306 cordibus,

920 1314 1050 1345 Lumbis
1077 1313 1154 1345 meis
1181 1313 1358 1345 castitatem

920 1360 1022 1398 Dona,
1048 1361 1147 1391 menti
1169 1361 1350 1400 puritatem,

969 1408 1031 1440 Cor
1055 1408 1145 1448 reple
1168 1407 1349 1440 virtutibus¹

919 1494 1001 1535 Ave,
1027 1492 1100 1525 Iesu
1126 1492 1259 1533 Christe,
1287 1492 1354 1523 vias

920 1540 996 1572 Illas
1021 1539 1099 1570 mihi
1123 1543 1264 1571 monstra
1289 1539 1357 1578 pias

965 1586 1118 1618 Ducendo
1143 1587 1185 1618 ad
1210 1586 1356 1627 patriam,

918 1634 1029 1665 Finem
1054 1642 1156 1665 meum
1181 1634 1342 1673 respicito,

921 1681 1012 1712 Dono
1036 1683 1090 1712 tuo
1116 1682 1252 1721 gratuito

966 1726 1059 1760 Dona
1082 1728 1160 1759 mihi
1184 1727 1317 1761 veniam.

920 1814 1000 1855 Ave,
1027 1812 1157 1845 verbum
1182 1812 1330 1853 speciale,

922 1860 1027 1892 Genus
1053 1868 1165 1900 regens
1189 1861 1251 1892 hoc
1275 1860 1409 1891 mortale

967 1908 1036 1940 Tua
1060 1908 1226 1948 sapientia,

920 1956 1061 1988 Immitte
1085 1956 1132 1986 ori
1159 1955 1324 1995 canticum,

919 2003 964 2036 Ut
988 2010 1168 2044 supremum
1191 2006 1223 2034 te
1248 2002 1403 2034 medicum

966 2049 1109 2083 Laudem
1132 2050 1166 2082 in
1192 2049 1334 2083 ecclesia.

919 2146 998 2188 Ave,
1025 2146 1108 2186 Iesu,
1135 2154 1225 2185 quem
1251 2144 1412 2184 proditum

921 2192 1115 2225 Confitemur
1139 2196 1171 2224 ct
1194 2191 1356 2225 venditum

968 2241 998 2272 A
1019 2240 1087 2273 viro
1111 2239 1276 2282 perfidiae,

919 2288 1121 2320 Intellectum
1148 2288 1189 2320 da
1213 2295 1368 2329 serenum,

920 2335 987 2374 Quo
1014 2336 1147 2367 vitemus
1173 2336 1294 2367 hostem
1319 2335 1445 2374 plenum

968 2382 1090 2423 Spiritu
1115 2382 1272 2415 fallaciae.
