1650 2612
672 131 930 167 —247-

166 225 220 258 36.
248 226 327 265 Ave,
354 225 414 258 Dei
440 227 593 266 genetrix,

164 631 219 662 37.

163 1038 219 1070 38.

162 1445 218 1477 39.

159 1853 216 1886 40.

157 2262 214 2295 41.

290 272 384 303 nimis
409 274 547 313 gloriosa

245 320 360 352 Coram
385 320 445 352 Dei
469 319 547 362 filio,

291 367 425 407 pulchra
449 368 531 399 sieut
554 377 637 410 rosa,

247 413 361 446 Coram
387 416 505 446 sanct1s
530 415 650 455 angelis

291 463 358 492 tota
382 463 536 502 speciosa,

245 507 347 539 Nobis
372 510 593 549 peccatoribus

292 564 415 596 gemma
441 557 591 590 virtuosa.

243 631 324 672 Ave,
350 632 436 663 cuius
461 631 544 663 filius

293 678 456 710 baratrum
482 679 623 711 turbavit

244 725 289 757 Et
313 728 494 758 sanctorum
519 726 639 758 animas

292 776 405 812 potens
430 773 589 813 liberavit,

245 820 426 860 Resurgens
451 830 477 857 a,
494 820 625 852 mortuis

293 870 397 899 tecum
423 868 583 911 exaltavit,

246 915 345 954 Quam
369 915 403 946 in
429 916 524 947 caelis
550 914 651 955 gloria

292 971 398 994 secum
425 963 595 996 coronavit.

246 1039 326 1077 Ave,
352 1038 442 1077 virgo
467 1037 634 1077 virginum,

292 1084 365 1117 finis
390 1085 629 1124 prophetarum,

246 1131 346 1170 Quam
370 1131 491 1163 cunctis
517 1131 744 1170 praedixerant

292 1179 414 1210 umbris
438 1177 627 1218 figurarum3

246 1226 341 1258 Hunc
365 1225 517 1258 Messiam
542 1224 660 1265 genuit,

297 1272 416 1305 fontem
441 1273 624 1312 gratiarum,

245 1321 297 1352 Ad
323 1322 504 1352 nostrarum
529 1319 652 1350 scilicet

294 1376 401 1399 curam
426 1366 611 1399 animarum.

243 1444 324 1485 Ave,
348 1443 502 1482 templum
527 1441 663 1483 Domini,

292 1489 447 1531 refugium
473 1490 595 1527 horum,

244 1539 303 1579 Qui
327 1541 453 1569 tuorum
477 1536 621 1568 lucidant

292 1585 422 1626 gemmis
447 1583 689 1623 triumphorum,

243 1635 307 1667 Per
331 1635 364 1664 te
388 1632 435 1664 sic
459 1631 621 1670 accipiunt

289 1679 384 1712 flores
407 1679 602 1717 meritorum,

242 1728 333 1769 Quod
358 1727 488 1759 tandem
513 1724 715 1764 subsequitur

289 1774 413 1807 fructus
438 1772 661 1814 praemiorum.

239 1852 320 1892 Ave,
346 1852 470 1882 scutum
495 1856 624 1880 aureum

289 1898 426 1930 rutilans
451 1897 482 1928 in
508 1895 605 1936 bello,

242 1946 309 1986 Quo
337 1945 441 1977 cuncti
467 1943 664 1984 protegimur

288 1993 399 2026 mortis
423 1993 456 2024 in
484 1991 600 2030 duello,

242 2042 305 2074 Per
329 2044 372 2081 te,
398 2040 488 2080 virgo
512 2038 680 2079 virginum,

289 2087 417 2121 fortiter
441 2086 563 2126 repello

240 2137 351 2170 Iacula
374 2135 537 2175 nequitiae

288 2185 406 2225 pedum
431 2182 490 2215 sub
516 2179 667 2213 scabello.

239 2262 320 2301 Ave,
346 2261 454 2301 palma
477 2257 593 2290 florida

288 2309 389 2340 mirae
413 2305 591 2347 potestatis,

241 2356 334 2388 Oliva
358 2353 576 2396 pinguissima,

288 2404 410 2443 palmes
436 2401 591 2441 veritatis,

841 849 896 880 43.

842 1252 897 1284 44.

840 1659 897 1690 45.

840 2066 897 2098 46.

919 228 1041 259 Bonum
1067 231 1114 260 est
1139 228 1286 269 colligere

966 274 1088 307 fructus
1114 277 1253 308 caritatis

919 323 956 354 In
981 323 1040 354 hoc
1064 324 1215 355 viridario

967 378 1105 402 summae
1130 370 1265 402 deitatis.

923 445 1001 486 Ave,
1025 443 1083 476 flos
1109 446 1260 477 ecclesiae

966 492 1100 524 induens
1127 493 1282 531 decorem,

923 538 1067 570 Christus
1092 539 1211 570 habens
1236 547 1306 570 cum
1330 541 1422 578 patre

968 585 1129 625 aequalem
1154 586 1353 627 splendorem

922 632 1031 663 Induit
1054 635 1095 672 te,
1124 633 1258 672 domina,

970 680 1056 710 cuius
1081 680 1122 711 ad
1147 680 1274 711 odorem

921 726 990 757 Tua
1016 726 1116 758 dulcis
1140 726 1245 758 anima

968 774 1069 813 liquat
1092 774 1125 805 in
1149 782 1296 806 amorem.

922 849 1000 891 Ave,
1028 846 1104 880 felix
1132 849 1266 890 domina,

972 903 1096 934 semper
1120 896 1289 936 exsultare,

922 943 960 973 In
983 942 1046 973 tuis
1070 941 1216 974 fidelibus

969 989 1041 1020 veni
1067 992 1257 1021 commutare

922 1035 1085 1066 Lacrimas
1106 1037 1139 1067 in
1164 1036 1322 1076 gaudium,

969 1083 1087 1114 luctum
1113 1083 1260 1122 excitare,

923 1129 989 1168 Quo
1013 1138 1071 1168 per
1095 1133 1128 1161 te
1151 1130 1275 1162 videam
1300 1133 1333 1160 te

970 1177 1073 1208 caelos
1100 1178 1261 1209 decorare.

922 1252 1002 1289 Ave,
1029 1251 1116 1283 cuius
1141 1252 1299 1284 stabulum

972 1299 1066 1330 corde
1090 1300 1264 1340 visitamus,

923 1345 1183 1385 Propitiatorium

969 1395 1057 1424 tuum
1081 1394 1260 1433 adoramus,

925 1439 1039 1472 Coram
1063 1442 1096 1472 te
1120 1442 1324 1480 procidimus,

972 1496 1077 1519 coram
1101 1490 1133 1520 te
1156 1489 1325 1530 ploramus,

923 1535 970 1567 Ut
990 1534 1023 1565 in
1046 1536 1156 1567 mortis
1180 1536 1317 1567 transitu

969 1590 1028 1621 per
1051 1584 1083 1613 te
1108 1583 1315 1623 quiescamus.

922 1657 992 1688 Ave
1018 1657 1104 1689 cuius
1131 1659 1269 1690 canimus

971 1713 1039 1735 cum
1068 1705 1242 1747 devotione,

923 1751 1062 1783 Verbum
1089 1762 1160 1785 caro
1185 1752 1302 1785 factum
1329 1754 1377 1784 est

968 1799 1050 1830 mira
1073 1801 1206 1841 ratione,

922 1847 960 1879 In
986 1846 1073 1877 cuius
1096 1850 1129 1878 te
1154 1847 1288 1879 vidimus

971 1893 1050 1925 dura
1074 1895 1221 1935 passione

922 1940 1122 1973 Transfixam
1145 1943 1179 1973 in
1204 1943 1308 1974 animo

972 1988 1049 2020 duro
1074 1990 1219 2030 pugione.

921 2065 1001 2103 Ave,
1027 2066 1107 2097 caeli
1133 2066 1269 2108 domina,

972 2111 1115 2145 Christus
1140 2116 1214 2145 tunc
1238 2114 1393 2155 regnavit,

924 2159 1033 2192 Crucis
1057 2160 1091 2192 in
1115 2162 1259 2201 patibulo

970 2207 1094 2247 quando
1119 2209 1327 2249 triumphavit

923 2254 973 2287 De
998 2256 1118 2288 cunctis
1144 2256 1359 2298 daemonibus,

969 2312 1045 2342 quos
1070 2304 1304 2345 exterminavit,

924 2351 1000 2383 Cum
1028 2351 1166 2384 clamore
1189 2352 1298 2386 valido

969 2398 1065 2430 vitam
1090 2400 1282 2433 terminavit.
