1650 2612
191 217 247 249 23.

192 660 249 693 24.

192 1101 247 1134 25.

193 1554 249 1586 26.

191 2009 247 2042 27.

706 127 963 161 —143—

275 217 353 259 Ave,
380 218 457 249 solis

321 273 437 296 aurora
460 266 581 307 nuntia,

274 311 349 343 Veri
374 311 469 345 stella

321 357 454 398 fulgoris
476 360 617 401 praevia,

273 405 447 437 Exclusisti

319 449 445 484 noctem
469 453 638 494 nequitiae,

274 499 460 532 Produxisti

320 547 419 579 solem
443 547 594 589 iustitiae,

368 594 394 626 O
419 594 514 627 ianua
538 595 626 628 solis.

277 660 356 701 Ave,
381 669 442 699 per
465 670 558 701 quam

323 707 468 739 Christus
493 717 550 741 nos
575 710 743 750 approbat,

275 754 353 786 Cum
378 754 513 787 Iudaeos

322 801 484 842 expellens
508 802 670 843 reprobat,

276 847 429 881 Nostrum
452 849 544 881 nobis

320 895 427 927 emolli
450 896 597 935 iudicem,

273 942 323 974 Ne
348 942 464 974 furoris

321 989 462 1021 effundat
486 990 626 1030 calicem,

370 1036 394 1068 Ο
420 1035 487 1068 filia
510 1037 621 1077 prolis.

274 1102 355 1143 Ave,
381 1106 510 1134 nostrae

320 1148 421 1180 tutela
444 1149 579 1189 patriae,

273 1195 377 1227 Locus
401 1196 501 1237 pacis,

320 1243 428 1283 palma
452 1243 616 1283 victoriae,

272 1289 335 1321 Per
358 1292 390 1321 te
412 1289 498 1321 Deus

323 1336 443 1368 cunctis
469 1340 518 1369 est
541 1338 675 1380 agnitus,

275 1383 357 1415 Solis
382 1386 475 1415 notus

322 1431 451 1464 Iudaeis
475 1432 633 1472 primitus,

372 1478 398 1510 O
422 1478 531 1510 lueida
553 1479 659 1512 stella.

276 1556 354 1596 Ave,
380 1556 492 1593 mater,

323 1609 403 1640 quae
428 1601 515 1639 paris
540 1599 650 1644 filium,

278 1647 349 1679 Nec
373 1651 507 1686 apparet

321 1697 432 1734 partus
457 1694 634 1735 vestigium,

272 1742 370 1774 Nulla
395 1741 448 1773 via

322 1792 411 1830 patet
434 1789 468 1820 in
492 1797 638 1832 aequore,

275 1836 373 1868 Nulla
397 1836 486 1867 labes

323 1884 357 1915 in
381 1886 436 1915 tuo
461 1891 604 1923 corpore,

371 1930 396 1964 Ο
421 1940 503 1971 pura
527 1930 643 1971 puella.

274 2009 353 2046 Ave,
380 2015 440 2048 per
465 2015 558 2047 quam

322 2054 426 2095 patris
452 2054 620 2086 clementia

272 2103 363 2135 Misit
387 2102 506 2134 mundo

320 2149 401 2183 caeli
426 2149 556 2190 cibaria,

272 2198 337 2230 Per
361 2201 393 2230 te
417 2197 501 2237 pluit

318 2253 433 2285 panem
457 2244 644 2285 angelicum,

274 2293 410 2326 Suavem
435 2295 538 2335 gustu,

324 2340 432 2373 fructu
453 2340 644 2380 mirificium,

368 2389 393 2422 Ο
418 2391 529 2421 saneta
553 2389 743 2419 sanctarum.

874 222 929 253 28.

875 663 931 694 29.

874 1105 929 1136 30.

875 1554 930 1587 31.

877 2007 931 2038 32.

955 221 1034 259 Ave,
1062 221 1148 251 cuius

1002 276 1060 307 pro
1083 270 1179 306 partu
1201 267 1289 307 regio

954 315 1034 347 Sunt
1057 313 1167 346 fideles

1003 361 1070 394 dati
1088 361 1250 401 martyrio,

956 408 1122 448 Templum
1146 408 1207 440 Dei

1001 464 1060 497 pro
1085 456 1151 486 eius
1175 455 1302 487 nomine

956 504 1154 542 purpuratur

1004 552 1184 581 sanctorum
1207 549 1370 589 sanguine,

1051 596 1076 627 Ο
1105 596 1168 627 dux
1192 596 1375 628 animarum.

956 663 1036 702 Ave,
1060 670 1121 700 per
1146 670 1238 702 quam

1004 717 1124 741 summa
1150 708 1276 741 dilectio

957 756 1022 787 Nos
1046 756 1188 795 respexit

1004 803 1044 834 de
1069 802 1148 834 caeli
1172 801 1261 841 solio,

956 850 1019 881 Per
1043 852 1075 880 te
1099 858 1187 881 suam

1003 896 1168 928 mundavit
1191 896 1324 936 vineam,

959 944 1046 982 Quae
1071 943 1189 974 dedisti

1003 991 1101 1022 vitam
1124 991 1313 1029 aetheream,

1050 1036 1075 1068 O
1100 1035 1294 1069 fructificans
1319 1046 1417 1069 monS.

954 1104 1034 1144 Ave,
1061 1104 1153 1141 petra

1001 1148 1102 1180 mirae
1126 1149 1313 1190 dulcedinis,

955 1196 1022 1227 Mel
1047 1196 1229 1235 producens

1002 1252 1057 1275 cor
1080 1244 1184 1281 pascis
1210 1243 1355 1282 hominis,

954 1290 1022 1321 Mel
1046 1291 1109 1320 tam
1138 1290 1230 1321 dulce

1004 1339 1053 1368 est
1076 1339 1147 1368 tuus
1172 1337 1266 1375 filius,

957 1384 1017 1423 Qui
1041 1385 1106 1415 tam
1132 1384 1243 1426 dulcis,

1003 1430 1087 1471 quod
1111 1431 1191 1463 nihil
1218 1430 1351 1471 dulcius,

1050 1477 1076 1509 O
1102 1477 1290 1510 mellificans
1314 1477 1396 1511 fons.

956 1554 1036 1597 Ave,
1063 1554 1219 1593 quondam

1002 1609 1125 1640 pauper
1149 1604 1182 1632 et
1205 1601 1343 1641 humilis,

957 1648 1086 1680 Cunctis
1109 1657 1170 1687 per
1193 1649 1255 1680 hoc

1005 1696 1182 1734 exemplum
1206 1696 1304 1737 utilis,

956 1742 1043 1774 Hinc
1065 1745 1239 1782 paupertas

1007 1792 1039 1820 et
1062 1788 1136 1820 hinc
1161 1789 1322 1821 humilitas

959 1836 1047 1868 Duas
1071 1840 1249 1869 monstrant

1005 1882 1047 1915 ad
1073 1884 1193 1915 caelum
1218 1884 1356 1924 semitas,

1052 1931 1077 1963 Ο
1102 1930 1235 1970 praevia
1257 1931 1348 1965 iuris

957 2007 1038 2047 Ave,
1064 2015 1123 2046 per
1147 2016 1241 2047 quam

1002 2063 1062 2094 pro
1087 2057 1173 2087 certo
1197 2054 1353 2094 novimus,

957 2101 1047 2140 Quod
1070 2102 1114 2133 sit
1137 2102 1230 2134 homo

1006 2150 1109 2181 dictus
1134 2150 1318 2190 altissimus,

957 2196 1047 2235 Quod
1070 2196 1113 2228 sit
1136 2198 1242 2229 nullus

1004 2253 1064 2284 par
1088 2245 1117 2276 ei
1143 2244 1298 2285 dominus,

958 2291 1057 2330 Quem
1080 2292 1221 2324 locorum

1003 2349 1064 2373 non
1092 2340 1213 2371 claudit
1236 2339 1397 2383 terminus,

1052 2387 1077 2419 Ο
1103 2387 1227 2428 virgula
1251 2387 1343 2419 turis,
