1650 2612
165 215 222 249 43.
248 215 328 255 Ave,
354 215 433 248 felix

296 263 356 295 Dei
382 264 564 307 domestica,

248 310 355 342 Verba
380 309 499 342 Christi

296 366 485 389 conservans
509 360 653 399 mystica,

248 405 347 444 Quam
374 405 413 437 de
437 414 536 438 novae

294 453 372 492 legis
398 454 547 493 mysterio

246 499 397 532 Erudivit

298 547 443 579 caelestis
467 547 585 586 unctio,

344 595 368 627 Ο
394 595 505 635 regula
527 603 659 626 morum.

167 681 222 714 44.
245 680 325 720 Ave,
353 680 440 712 cuius

296 736 398 758 sermo
424 725 591 758 mellifluus

249 776 287 808 In
312 774 478 813 psallendo

296 819 357 852 fuit
381 820 536 862 assiduus,

248 869 352 900 Deum
378 868 512 900 laudans

296 925 359 947 non
385 915 448 947 oris
474 913 577 957 sibilo,

250 963 314 995 Sed
339 962 453 994 affectu

298 1012 330 1041 et
354 1009 459 1041 cordis
482 1008 591 1047 iubilo,

343 1057 368 1088 Ο
395 1055 496 1087 forma
519 1055 681 1086 bonorum.

165 1144 220 1176 45.
246 1142 327 1183 Ave,
352 1149 432 1181 quae
455 1149 539 1172 nunc

294 1189 328 1220 in
352 1188 447 1219 laude
471 1187 598 1226 iubilaS,

250 1237 365 1269 Coram
389 1235 458 1267 Deo

297 1291 375 1323 prae
401 1282 521 1314 cunctis
546 1281 669 1317 rutilas,

250 1330 388 1364 Pulchra
413 1338 508 1362 carne

298 1378 353 1410 sed
380 1377 479 1417 magis
504 1376 628 1417 spiritu,

249 1426 288 1458 In
315 1425 444 1457 caelesti

300 1482 413 1505 vernas
439 1472 590 1511 exercitu,

348 1520 373 1552 Ο
399 1528 475 1551 vera
499 1520 637 1552 lucerna.

117 1615 120 1618 '
172 1608 226 1641 46.
253 1606 334 1645 Ave,
359 1614 418 1644 per
443 1614 535 1644 quam

301 1661 335 1684 se
358 1652 476 1683 mundo
500 1655 623 1683 reserat

256 1700 327 1733 Lux
353 1701 492 1738 aeterna,

303 1756 384 1787 quae
407 1747 509 1778 lucem
534 1746 664 1787 fecerat,

255 1796 333 1828 Orta
355 1795 438 1826 iusto

301 1843 356 1874 lux
380 1842 481 1874 noctis
505 1843 612 1874 nescia

254 1890 363 1922 Rectis
389 1890 485 1922 corde

302 1936 423 1970 refudit
447 1937 571 1978 gaudia,

350 1986 375 2018 Ο
401 1987 496 2025 porta
520 1993 666 2025 superna.

677 121 932 156 —145—

848 219 1008 262 47.„Ave‚
1036 218 1153 251 Christi

976 265 1146 298 scabellum
1171 265 1287 306 nobile,

929 314 1026 345 Manu
1050 312 1111 345 Dei

977 359 1094 392 factum
1118 359 1273 400 mirabile,

928 408 966 439 In
991 417 1051 447 quo
1074 406 1189 447 pedem

976 455 1123 486 maiestas
1147 453 1262 493 posuit,

931 501 1007 533 Cum
1031 510 1065 533 se
1089 500 1237 532 membris

977 548 1119 580 humanis
1143 548 1256 587 induit,

1024 596 1048 629 O
1074 604 1194 626 summa
1219 595 1370 627 columna.

848 682 903 714 48.
929 681 1008 723 Ave,
1033 680 1106 712 novi

978 726 1136 768 repertrix
1162 727 1284 769 cantici,

931 775 1053 807 Canens
1077 776 1148 805 ortu

978 821 1122 853 caelestis
1147 821 1270 861 medici,

930 870 1052 909 Lingua
1075 866 1153 900 foris

976 916 1077 948 Deum
1102 914 1290 956 magnificat,

928 963 973 995 Et
996 972 1031 994 se
1054 963 1140 994 Deus

976 1010 1060 1041 intus
1085 1007 1242 1049 mirificat,

1023 1057 1047 1089 Ο
1073 1056 1161 1096 pacis
1187 1056 1322 1087 alumna.

849 1144 905 1176 49.
929 1144 1009 1185 Ave,
1035 1143 1138 1182 porta,

976 1198 1035 1231 per
1059 1188 1146 1220 cuius
1172 1188 1294 1220 aditum

931 1238 1047 1269 Portae
1069 1235 1149 1267 caeli

977 1286 1087 1323 patent
1111 1285 1185 1321 post
1208 1282 1338 1321 obitum,

934 1330 1125 1363 Confitentes

980 1386 1095 1410 excusa
1119 1377 1273 1420 servulos,

932 1426 991 1465 Qui
1018 1425 1140 1457 divinos

980 1472 1183 1513 frequentant
1206 1471 1325 1508 titulos,

1027 1521 1051 1553 Ο
1078 1519 1196 1551 caelica
1222 1519 1329 1550 claviS.

854 1607 908 1638 50.
935 1607 1017 1646 Ave,
1045 1604 1166 1636 cunctis

983 1660 1092 1684 carens
1116 1650 1288 1691 illecebris,

937 1699 1068 1738 Semper
1093 1698 1153 1731 Dei

983 1750 1109 1778 servata
1129 1745 1303 1785 palpebris,

936 1794 1029 1825 Nunc
1052 1792 1162 1833 regina

983 1850 1052 1872 cum
1077 1848 1151 1879 rege
1175 1839 1306 1881 resides,

937 1889 1028 1921 Dona
1051 1887 1113 1920 tuis

984 1935 1136 1967 ministris
1161 1934 1321 1975 provides,

1033 1984 1057 2016 O
1079 1983 1169 2022 virgo
1196 1982 1310 2014 suavis.

564 2089 714 2121 Tertia
739 2089 1052 2129 Quinquagena.

175 2159 205 2193 1.
232 2158 314 2199 Ave,
342 2158 429 2189 cuius
452 2159 595 2197 tempore

234 2205 366 2247 Sumpto
391 2204 477 2236 Deus
501 2213 635 2244 corpore

280 2253 327 2285 Te
351 2252 446 2292 elegit
469 2253 635 2293 virginem,

234 2302 279 2334 Ut
304 2300 379 2333 Sion
406 2300 560 2332 ecclesiae

232 2349 386 2381 Misertus
411 2348 560 2380 miseriae

278 2396 343 2429 Per
367 2398 399 2427 te
423 2396 524 2429 salvet
552 2396 720 2428 hominem.

218 2456 334 2479 Dreves
343 2472 350 2482 ,
370 2454 495 2478 Psalteria
510 2454 664 2482 Rhythmica.
698 2453 718 2476 1.

859 2157 890 2189 2.
916 2156 996 2195 Ave,
1022 2155 1164 2187 nostrum
1188 2154 1347 2194 gaudium,

917 2202 1011 2235 Cuius
1038 2201 1228 2235 desiderium

963 2250 1054 2283 Omni
1078 2248 1160 2281 bono
1185 2247 1302 2282 floruit..

916 2299 978 2331 Per
1001 2306 1093 2338 quam
1118 2297 1219 2329 instar
1244 2297 1368 2337 aquilae

915 2346 1096 2378 Iuveneseit
1119 2343 1224 2385 facile,

960 2394 1019 2434 Qui
1043 2395 1173 2434 peccato
1199 2393 1312 2425 senuit.

1302 2446 1338 2478 10
