1650 2612
223 186 253 219 8.

200 983 253 1016 10.

200 1383 253 1416 11.

196 1785 248 1816 12.

198 2185 251 2219 13.

711 89 941 123 ,74-

279 185 364 225 Iesu,
390 184 442 224 qui
466 184 518 215 hic
540 184 687 223 increpas

327 231 439 263 Iudam
466 234 497 261 et
520 231 663 269 Iudaeos,

278 278 363 316 Quos
388 281 444 308 tua
467 277 663 308 manifestum
691 278 738 307 est

325 324 357 355 in
382 324 530 362 passione
549 332 630 363 reos,

280 371 435 402 Converte
458 370 646 411 incredulos,

329 418 486 455 converte,
514 425 589 455 quos
613 415 787 457 plasmasti,

281 463 344 494 Pro
369 462 481 501 quibus
507 470 599 493 cruce
623 462 744 501 positus

327 511 450 548 patrem
474 509 619 540 exorasti.

246 610 252 617 .
278 583 360 623 Iesu,
385 583 490 615 David
517 583 658 614 dominus

325 638 383 669 per
409 630 614 669 divinitatem,

280 677 375 707 Patre
398 676 500 708 minor
526 677 620 708 etiam

326 731 384 762 per
408 723 643 762 humanitatem,

279 770 339 808 Qui
365 770 437 801 olim
465 771 505 801 de
527 770 663 801 restibus

327 815 447 848 feceras
471 815 639 856 flagellum,

279 863 374 901 Pone,
401 863 453 902 qui
476 872 532 894 nos
558 863 719 903 tribulant,

324 909 440 948 pedum
462 909 519 941 sub
544 910 723 941 scabellum.

278 984 364 1025 Iesu,
391 984 443 1023 qui
468 993 487 1014 a
509 984 666 1023 propheta

324 1030 497 1069 ceterisque
525 1032 631 1070 gnaris

280 1078 342 1109 Pro
369 1077 449 1108 dono
476 1078 682 1109 eucharistiae

324 1125 356 1153 et
379 1123 449 1154 aliis
473 1123 624 1167 laudaris,

278 1169 373 1201 Salva
397 1178 453 1200 1105
478 1178 536 1208 per
559 1171 692 1210 gratiam

324 1218 355 1246 et
380 1216 574 1247 aeternitatis

277 1262 424 1301 Adipisci
448 1261 546 1294 facias

325 1317 455 1348 regnum
479 1318 548 1340 cum
571 1309 682 1342 beatis.

280 1383 362 1423 1esu,
388 1384 440 1422 qui
465 1392 522 1422 per
546 1384 731 1423 prophetam

329 1430 369 1461 de
389 1431 528 1469 praemio
552 1430 704 1462 bonorum

278 1476 328 1507 De
351 1475 582 1516 afflictioneque

325 1523 378 1554 hic
400 1526 519 1555 tractas
542 1524 719 1564 impiorum,

278 1570 315 1601 In
338 1570 574 1602 misericordiae

324 1616 472 1657 operibus
495 1626 552 1648 nos
576 1617 624 1648 ire

278 1662 353 1702 Fac,
377 1666 452 1702 post
475 1664 558 1695 vitae
582 1664 747 1695 terminum

324 1710 365 1741 ad
389 1712 421 1741 te
444 1711 619 1749 pervenire.

276 1785 356 1827 Iesu,
383 1785 473 1816 dator
497 1786 624 1827 optime,

321 1840 379 1871 per
403 1840 492 1871 quem
518 1832 584 1864 vita
609 1833 711 1873 datur,

278 1878 373 1910 Cuius
398 1878 467 1909 laus
492 1888 511 1910 a
535 1880 641 1918 pueris

325 1925 418 1964 digne
440 1926 654 1966 praedicatur,

279 1971 316 2001 In
340 1972 511 2011 praesenti,
536 1981 731 2013 quaesumus,

327 2017 367 2048 da
391 2018 482 2051 nobis
507 2018 647 2058 laudare,

279 2063 356 2094 Post
381 2073 449 2095 cum
475 2066 591 2096 sanctis
617 2065 758 2097 omnibus

323 2113 356 2141 te
379 2110 566 2150 glorificare.

277 2185 359 2224 Iesu,
385 2185 466 2216 sicut
490 2187 591 2217 Israel

322 2233 501 2272 Aegyptum
527 2233 668 2265 exeundo

275 2278 424 2310 Laudare
446 2282 478 2310 te
502 2280 616 2319 satagit

323 2326 426 2357 cordis
452 2335 490 2359 ex
514 2326 683 2367 profundo,

871 402 923 434 14.

871 803 924 835 15.

871 1203 923 1235 16.

868 1604 922 1635 17.

870 2004 923 2037 18.

950 185 1017 216 Nos
1041 184 1217 215 immundos
1243 182 1376 214 mundos
1401 180 1454 212 fac

997 231 1030 262 in
1056 229 1258 273 confessione,

950 278 1043 309 Mare
1065 277 1155 308 nobis
1182 284 1368 308 consecrans

1000 332 1102 355 merso
1128 323 1301 355 Pharaone.

950 399 1033 438 Iesu,
1059 407 1078 429 a
1099 397 1249 437 periculis

997 445 1050 484 qui
1074 443 1179 475 David
1202 443 1356 482 liberasti,

951 492 1012 522 Pro
1038 500 1098 530 quo
1122 490 1176 521 hic
1199 490 1240 521 ad
1266 490 1384 529 gratias

999 546 1069 569 eum
1092 537 1283 578 provocasti,

950 584 1017 617 Nos
1042 593 1060 615 a
1084 584 1175 615 malis
1201 583 1297 623 eripe,

998 640 1074 671 quos
1099 640 1118 662 a.
1142 631 1193 662 via
1217 639 1336 662 morum

950 678 1132 710 Decurvare
1156 677 1272 716 satagit

999 729 1115 757 trames
1140 724 1298 757 vitiorum.

950 801 1030 843 lesu,
1058 801 1240 839 peccantem
1265 798 1369 830 David

997 855 1055 886 per
1081 845 1297 884 deceptionem

950 894 1113 925 Patienter
1137 891 1222 923 ferre
1242 892 1319 923 dans

997 939 1256 979 persecutionem,

949 987 1037 1018 Mala
1063 986 1112 1026 da,
1139 994 1219 1025 quae
1241 985 1390 1024 patimur,

997 1033 1082 1065 ferre
1104 1033 1263 1072 patienter

949 1080 992 1111 Et
1016 1079 1155 1110 liberans
1180 1088 1237 1110 nos
1262 1086 1355 1118 agere

996 1128 1101 1166 grates
1123 1128 1315 1158 reverenter.

949 1202 1032 1240 Iesu,
1059 1201 1112 1240 qui
1135 1209 1154 1231 a
1178 1199 1324 1240 gentibus

996 1246 1185 1286 Iudaeisque
1207 1246 1333 1278 laudari

949 1294 1011 1326 Pro
1034 1296 1088 1324 tuo
1113 1294 1251 1325 adventu
1275 1293 1323 1324 vis

996 1343 1026 1371 et
1049 1349 1179 1379 magnus
1203 1340 1394 1380 praedicari,

949 1387 995 1418 Te
1018 1387 1150 1418 laudare
1170 1386 1286 1426 iugiter

996 1437 1089 1464 cantu
1114 1432 1166 1464 fac
1189 1434 1392 1475 psalmorum,

948 1479 1058 1511 Donec
1081 1489 1138 1511 nos
1163 1480 1315 1519 suscipiat

996 1527 1108 1558 chorus
1133 1527 1324 1566 angelorum.

949 1602 1029 1643 Iesu,
1057 1602 1110 1640 qui
1136 1601 1300 1633 ecclesiam

994 1657 1057 1679 una
1082 1656 1121 1679 ex
1144 1648 1273 1680 Iudaeis

949 1693 1043 1726 Facis
1068 1698 1099 1725 et
1123 1695 1303 1735 gentilibus,

994 1744 1031 1773 ut
1053 1742 1179 1781 penitus
1202 1742 1236 1772 in
1262 1743 1307 1773 eis

948 1788 1046 1820 Nulla
1070 1789 1113 1819 sit
1138 1789 1307 1832 discordia,

993 1845 1014 1867 a
1037 1835 1128 1866 nobis
1151 1835 1293 1866 laudaris

947 1882 1052 1921 Digne
1075 1884 1118 1923 tu,
1146 1882 1198 1920 qui
1225 1890 1318 1914 verus
1344 1892 1377 1915 es

994 1929 1076 1968 lapis
1102 1928 1271 1967 angularis,

949 2003 1030 2042 Iesu,
1056 2003 1166 2033 iubens
1192 2011 1321 2034 currere

995 2049 1078 2080 viam
1101 2050 1322 2081 mandatorum

950 2096 999 2128 De
1022 2095 1219 2127 beatitudine

996 2145 1136 2174 tractans
1161 2143 1327 2185 viatorum,

951 2189 1004 2221 Ad
1026 2198 1118 2228 quam
1144 2191 1367 2229 contemplatio

992 2236 1135 2275 ratioque
1159 2239 1291 2279 spectat,

947 2282 1249 2322 Contemplationem
1273 2284 1322 2326 da,

994 2338 1074 2369 quae
1094 2329 1154 2361 tibi
1177 2339 1233 2361 nos
1259 2336 1412 2366 conectat.
