1650 2612
695 125 928 160 —45-

174 216 229 251 17.
256 217 336 255 Ave,
363 219 432 256 spei
456 219 719 259 supplementum,

256 264 364 296 Omnis
389 264 465 297 boni
489 264 740 305 fundamentum,

256 310 336 342 Esto
360 311 440 343 mihi
464 312 704 352 firmamentum,

254 358 338 399 Iesu,
363 358 468 391 laudis
494 361 721 393 ornamentum.

174 434 228 466 18.
257 433 338 473 Ave,
367 433 434 466 dies
459 436 494 466 tu
521 435 600 479 diei,

256 480 347 512 Assis
373 482 462 522 mihi,
488 481 534 514 fili
557 482 628 523 Dei,

257 527 307 559 Ne
331 536 381 559 me
405 529 535 562 vincant
558 529 758 569 Amorrhaei,

258 575 452 617 Recordare,
478 577 551 609 Iesu
574 577 645 611 mei.

176 660 230 693 19.
258 661 338 701 Ave,
364 661 446 704 Iesu,
475 662 576 693 dulcis
602 662 720 703 quaeri,

256 708 306 739 De
331 709 477 747 supernis
505 707 557 740 fac
582 708 685 741 videri

257 754 301 786 Et
326 755 366 786 de
391 754 466 787 Sion
490 764 541 787 me
565 756 657 795 tueri,

256 801 307 833 Ne
330 810 381 833 me
403 802 534 834 laedant
557 803 664 834 hostes
689 801 759 835 feri.

177 887 232 919 20.
259 888 339 926 Ave,
367 887 441 919 Iesu
466 890 497 919 et
521 896 661 919 meorum

257 934 346 966 Fave
370 935 441 966 voci
465 934 630 977 labiorum,

257 982 303 1015 Ut
329 985 506 1014 consortem
531 982 714 1023 angelorum

258 1028 339 1060 Esse
364 1028 443 1060 velis
467 1038 518 1060 me
542 1032 677 1062 tuorum.

175 1113 231 1146 21.
257 1113 337 1155 Ave,
364 1113 451 1145 cuius
477 1123 587 1145 manus
613 1122 707 1145 cruce

259 1160 340 1192 Sunt
365 1159 539 1201 confossae,
565 1170 622 1193 nos
648 1170 667 1192 a
684 1163 783 1202 truce,

258 1208 341 1250 Iesu,
371 1209 461 1241 salva
483 1208 594 1240 mortis
620 1208 700 1240 duce

258 1255 312 1287 Ad
338 1253 506 1288 fruendum
530 1257 585 1287 tua
608 1255 689 1289 luce.

178 1342 233 1374 22.
260 1341 339 1380 Ave,
366 1340 449 1381 Iesu,
477 1340 627 1381 princeps
653 1338 745 1372 fortis

259 1387 304 1419 Et
330 1387 475 1419 caelestis
504 1388 568 1420 dux
592 1387 741 1428 cohortis,

257 1434 306 1466 Ne
329 1443 381 1466 me
403 1436 520 1475 perdat
535 1434 648 1466 umbra
663 1434 784 1473 mortis,

256 1482 350 1514 Educ
377 1482 417 1514 de
441 1481 560 1514 inferni
583 1482 696 1522 portis.

175 1569 229 1601 23.
255 1568 336 1608 Ave,
363 1567 447 1608 Iesu,
474 1567 534 1599 Dei
558 1576 680 1608 manus,

257 1615 335 1647 Peto
361 1613 434 1653 fide,
461 1614 544 1654 quod
570 1614 629 1645 sim
655 1623 759 1654 sanuS,

257 1661 368 1693 Hostis
393 1661 502 1694 laedat
525 1670 566 1692 ne
590 1659 742 1700 profanus

256 1708 312 1741 Me
337 1709 387 1741 vel
411 1709 506 1740 timor
527 1708 638 1740 mundi
663 1716 771 1739 vanus.

175 1796 230 1827 24.
257 1794 337 1834 Ave,
364 1802 445 1833 puer
468 1793 559 1825 nobis
587 1793 689 1834 datus,

257 1842 337 1874 Peto
364 1842 461 1874 corde
486 1841 666 1880 tribulatuS,

255 1890 285 1921 A
310 1891 343 1920 te
367 1889 468 1921 laeter
494 1889 684 1927 consolatus,

254 1937 285 1969 A
312 1936 422 1969 dolore
448 1936 642 1969 sublevatus.

172 2026 228 2057 25.
256 2023 336 2064 Ave,
360 2024 445 2063 Iesu,
474 2022 513 2054 de
540 2022 655 2054 dilecto

255 2070 434 2103 Generatus
458 2073 553 2110 patre
577 2071 675 2111 recto,

253 2118 315 2158 Da,
346 2119 432 2150 stent
455 2118 523 2150 solo
551 2117 591 2149 de
614 2118 784 2157 prospecto

253 2166 357 2198 Pedes
382 2166 445 2197 mei
469 2166 502 2197 in
529 2165 659 2198 directo.

169 2254 224 2286 26.
250 2252 331 2293 Ave,
356 2251 439 2292 Iesu,
468 2251 546 2283 caeli
572 2253 688 2289 rector,

255 2299 370 2332 Oordis
396 2300 459 2331 mei
483 2302 518 2331 tu
544 2300 742 2339 prospector,

253 2346 356 2378 Aufer
380 2348 478 2385 mala,
505 2346 618 2386 quibus
641 2346 774 2385 plector,

253 2394 346 2429 Vitae
367 2404 457 2427 meae
482 2395 526 2427 sis
550 2395 715 2434 protector

854 221 909 252 27.
935 219 1014 260 Ave,
1040 218 1114 250 Iesu
1138 219 1190 258 mi,
1217 228 1307 258 quem
1333 228 1413 261 amo,

932 266 986 298 Ad
1010 267 1051 303 te,
1078 264 1164 297 Deus
1188 275 1286 307 meus,
1313 266 1422 305 clamo,

934 312 1044 344 Solvas
1069 320 1119 344 me
1144 313 1183 345 ab
1209 313 1274 344 eius
1298 313 1401 353 hamo,

935 359 1034 398 Quem
1061 360 1165 392 vicisti
1191 360 1293 391 crucis
1318 369 1415 393 ramo.

853 436 906 467 28.
933 435 1013 474 Ave,
1040 435 1100 475 leo,
1127 436 1180 475 qui
1204 435 1309 468 vicisti

934 482 1036 521 Vique
1059 484 1129 515 tuos
1154 483 1298 522 rapuisti,

932 529 977 561 Et
999 537 1050 560 me
1074 537 1196 570 quoque
1220 530 1385 569 suscepisti

934 576 1003 608 Nec
1025 576 1188 617 indignum
1212 585 1262 609 me
1286 577 1446 617 sprevisti.

854 662 909 693 29.
935 660 1015 700 Ave,
1042 658 1123 704 Iesu,
1151 663 1260 693 contra
1283 670 1402 693 morem

935 709 1033 747 Quem
1059 708 1169 740 effudit
1193 709 1281 748 virga
1307 707 1427 749 florem,

935 755 983 786 Te
1008 763 1160 795 cognosco
1188 758 1363 787 curatorem

935 801 1055 834 Libans
1080 802 1206 835 laudem
1230 805 1262 834 et
1286 803 1445 834 honorem.

855 888 910 921 30.
937 888 1016 926 Ave,
1042 888 1124 927 Iesu,
1152 887 1209 919 tibi
1234 887 1354 927 iungar,

935 934 984 965 Tu
1008 934 1141 974 medela,
1169 944 1230 974 qua
1254 943 1422 975 perungar,

935 982 982 1015 Ut
989 981 1042 1012 hic
1049 979 1154 1014 fiendo
1164 990 1247 1013 nunc
1257 990 1457 1021 compungar,

935 1028 972 1060 In
997 1030 1159 1061 aeternum
1184 1038 1224 1060 ne
1250 1027 1435 1061 confundar.

854 1112 908 1146 31,
936 1113 1013 1154 Ave,
1041 1114 1129 1152 quies
1153 1118 1358 1153 mortuorum,

934 1161 1018 1199 Iesu,
1045 1161 1129 1191 salus
1153 1162 1189 1191 tu
1209 1161 1360 1198 vivorum,

936 1208 1064 1246 Tectae,
1091 1216 1216 1249 quaeso,
1239 1207 1303 1238 sint
1319 1215 1458 1238 meorum

933 1254 1118 1286 Foeditates
1142 1256 1353 1294 peccatorum.

854 1340 909 1372 32.
935 1339 1016 1380 Ave,
1042 1338 1124 1379 Iesu,
1150 1347 1188 1371 ac
1214 1339 1345 1379 dignare

937 1386 1068 1418 Servum
1092 1390 1179 1417 tuum
1204 1386 1344 1425 visitare,

936 1434 983 1466 Ut
1007 1441 1075 1464 cum
1100 1434 1191 1464 iustis
1217 1434 1375 1464 exsultare

936 1480 1058 1521 Dignus
1083 1482 1142 1512 sim
1168 1483 1200 1512 et
1222 1482 1254 1511 te
1277 1480 1419 1513 laudare.

855 1567 909 1599 33.
935 1566 1015 1605 Ave,
1041 1565 1124 1603 Iesu,
1152 1566 1253 1597 dulcis
1280 1573 1353 1596 vere

934 1613 1002 1644 Fac
1025 1616 1162 1653 gustare,
1189 1612 1241 1644 fac
1265 1613 1384 1651 videre,

936 1660 1034 1698 Quam
1056 1659 1200 1701 benigne,
1227 1669 1320 1700 quam
1337 1660 1460 1691 sincere

935 1706 1023 1738 Scias
1050 1709 1119 1739 tuos
1144 1707 1318 1747 possidere.

855 1793 911 1825 34.
937 1793 1017 1833 Ave,
1045 1792 1138 1833 digne
1162 1795 1196 1823 tu
1222 1792 1361 1835 colende,

940 1840 1012 1871 Iesu
1038 1839 1150 1879 dulcis,
1176 1839 1238 1871 huc
1261 1839 1401 1879 intende,

939 1886 1068 1918 Scutum
1093 1890 1181 1918 tuum
1206 1887 1411 1926 apprehende

937 1934 982 1966 Et
999 1934 1039 1965 ab
1065 1934 1156 1966 hoste
1180 1943 1230 1965 me
1256 1933 1402 1967 defende.

856 2021 910 2054 35.
937 2020 1017 2063 Ave,
1044 2020 1127 2061 Iesu,
1153 2029 1250 2060 parce
1275 2020 1369 2060 natis,

938 2067 1039 2105 Dona,
1065 2070 1169 2108 pater,
1198 2068 1280 2100 dona
1305 2068 1414 2109 gratis,

938 2115 984 2148 Ut
1007 2123 1064 2146 nos
1090 2116 1159 2157 poti
1184 2116 1280 2147 simus
1306 2115 1383 2146 satis

936 2162 986 2194 De
1010 2166 1154 2195 torrente
1178 2163 1360 2203 voluptatis.

855 2249 911 2282 36.
936 2248 1017 2288 Ave,
1044 2249 1145 2287 patris
1170 2251 1204 2279 tu
1229 2249 1353 2288 sophia,

935 2297 1018 2339 1esu,
1050 2295 1135 2327 vitae
1161 2296 1224 2328 dux
1251 2299 1282 2327 et
1307 2297 1367 2339 via,

937 2344 979 2376 Os
1003 2343 1157 2375 iustorum
1184 2346 1218 2375 tu
1244 2353 1276 2375 es
1303 2344 1377 2383 quia

937 2392 1070 2424 Carnem
1095 2400 1220 2423 sumens
1248 2392 1287 2423 de
1312 2391 1427 2424 Maria.
