1650 2612
346 191 388 223 19

680 93 936 127 -114—

394 217 401 223 .
426 191 506 229 Ave,
531 189 614 224 Iesu,
640 188 692 227 qui
718 196 773 226 pro
799 187 889 218 nobis
915 186 1016 219 factus
1042 196 1167 228 egenus,

428 236 520 268 Cuius
543 236 640 275 pedes
665 232 819 273 perforati
844 236 916 265 sunt
939 237 1033 274 atquc
1057 243 1177 274 manus,

424 283 472 314 Tu
496 282 586 314 nobis
611 284 698 313 tuum
721 280 851 312 intende
876 280 1075 322 adiutorium,

425 330 504 367 Quia
528 331 666 361 nostrum
694 335 726 357 es
751 327 875 358 unicum
903 327 1105 360 desiderium.

345 410 351 420 ⁵
393 428 399 435 .
426 405 504 442 Ave,
531 403 613 439 Iesu,
640 403 693 441 qui
719 410 751 432 es
775 410 877 433 meum
899 400 1142 441 firmamentum,

344 627 383 659 21

344 852 387 883 22

333 1526 355 1556 [la

361 1527 377 1556 αι

345 1750 387 1781 26

344 1972 386 2004 27

346 2198 388 2229 28

424 450 473 481 Ne
497 449 633 490 proicias
657 456 708 480 me
733 457 835 480 meum
860 447 898 479 ob
926 450 1100 490 peccatum,

425 496 473 527 Ne
497 495 580 528 forte
604 498 836 535 persequantur
861 497 892 525 et
917 494 1188 535 comprehendant

425 543 571 575 Animam
596 551 697 574 meam
720 542 828 573 hostes
855 551 985 581 eamque
1010 542 1156 582 perdant.

392 651 397 658 .
425 627 504 658 Ave.
532 627 614 666 Iesu,
639 626 827 666 populorum
853 626 904 666 qui
931 634 963 657 es
988 635 1050 665 pax
1078 635 1164 665 vera„

424 673 497 705 'libi
522 673 605 712 regis
629 673 738 704 Tarsis
763 673 946 706 obtulerunt
970 681 1110 710 munera,

425 720 484 752 Tui
509 721 542 751 in
570 729 625 751 nos
652 720 825 752 descendat
848 719 980 759 spiritus
1005 720 1106 760 gratia

426 768 591 805 cordaque
617 767 732 798 irroret
757 767 803 797 uti
828 766 929 798 vellus
955 767 1073 806 pluvia.

393 877 399 883 .
426 851 505 890 Avo,
530 850 614 892 Iesu,
642 851 727 882 cuius
753 848 813 881 fuit
837 851 904 882 vita
926 850 1028 889 labor,

427 898 485 938 Tu,
512 897 565 937 qui
589 897 830 936 transfiguratus
856 905 889 928 es
910 897 943 927 in
968 899 1074 929 monte
1099 897 1216 936 Tabor,

426 944 502 982 Fac,
528 946 562 976 ut
588 944 709 975 valeam
734 944 791 975 tibi
817 952 942 984 semper
967 944 1153 982 adhaerere,

426 991 531 1023 Meam
558 999 680 1030 quoque
703 999 791 1030 spem
816 999 940 1022 omnem
964 993 998 1023 in
1021 994 1053 1023 te
1081 991 1242 1023 collocare.

394 1101 400 1107 .
427 1075 507 1114 Ave,
533 1074 616 1114 IeSU‚
642 1083 699 1106 rex
723 1077 831 1106 noster
856 1083 888 1106 es
913 1077 988 1105 ante
1014 1075 1151 1116 saccula,

436 1122 532 1160 Quem
556 1130 677 1160 pauper
702 1123 733 1151 et
755 1121 846 1160 inops
870 1121 1044 1153 laudabunt
1070 1120 1122 1152 dio
1145 1122 1211 1162 illa,

437 1169 513 1201 Cum
536 1168 691 1199 iudicabis
711 1168 864 1199 malorum
888 1168 1081 1207 improperia

436 1215 615 1247 Electorum
641 1215 864 1247 recomendans
891 1215 1058 1248 desideria.

393 1323 399 1329 .
426 1299 506 1339 Ave,
530 1298 614 1338 1esu‚
641 1299 727 1329 cuius
757 1306 853 1329 cornu
880 1299 1050 1330 exaltatum

427 1344 529 1384 Super
554 1353 661 1376 omnes
686 1345 793 1376 caelos
819 1348 867 1376 est
892 1348 925 1376 et
949 1346 1115 1385 elevatum,

430 1391 583 1431 Concede,
610 1394 654 1431 ut,
680 1391 733 1431 qui
758 1395 831 1423 sunt
856 1392 908 1423 hic
931 1393 1098 1434 humiliati,

436 1438 529 1470 quta
552 1439 739 1477 promissum
764 1441 866 1470 tecum
891 1439 955 1470 sint
978 1439 1116 1472 exaltaii.

361 1545 390 1556 ,.
419 1524 497 1560 Ave,
529 1522 616 1554 cuius
641 1532 704 1555 vox
730 1525 778 1554 est
801 1523 968 1565 terribilis,

429 1570 523 1603 Cuius
549 1572 690 1608 potestas
716 1570 925 1612 admirabilis,

428 1617 494 1648 Fac
518 1616 585 1654 tibi,
613 1626 739 1657 quaesQ
767 1617 862 1657 digna
885 1626 1000 1649 vovere

428 1663 593 1704 Dignaque
618 1664 677 1695 tibi
702 1666 775 1696 vota
799 1664 944 1698 reddere.

392 1774 396 1780 .
426 1749 505 1789 Ave,
533 1747 620 1779 cuius
648 1748 781 1779 virtutes
807 1749 877 1780 orbi
900 1749 1086 1791 illuxerunt,

425 1795 510 1833 Quae
534 1797 643 1836 gentes
669 1796 711 1827 ad
734 1796 963 1834 paenitentiam
988 1802 1231 1839 commoverunt,

425 1842 467 1873 Et
491 1851 568 1882 quas
593 1842 688 1874 etiam
713 1842 882 1875 daemones
907 1846 1174 1887 contremuerunt,

426 1889 491 1921 Soli
516 1889 628 1921 Iudaei
651 1889 794 1928 recipere
822 1892 1087 1930 contempserunt.

392 1998 398 2004 .
424 1972 504 2009 Avc,
530 1972 621 2011 panis
647 1973 740 2012 vitae,
769 1982 859 2013 quem
883 1974 975 2006 homo
1000 1975 1212 2016 manducavit,

428 2019 644 2057 Capharnaita
669 2028 760 2059 quem
783 2021 926 2060 perfidus
951 2020 1117 2061 fastidivit,

426 2065 475 2096 Tu
499 2074 556 2097 nos
581 2068 633 2097 tuo
660 2066 750 2105 satia,
778 2068 913 2109 Christe,
940 2077 1065 2108 semper
1088 2078 1181 2109 panc,

427 2112 484 2151 Qui
510 2112 595 2144 solus
622 2113 677 2144 dat
701 2114 797 2146 vitam
824 2115 941 2146 homini
963 2116 1032 2147 sine
1055 2114 1128 2150 fine.

393 2221 399 2227 .
426 2196 506 2237 Ave,
531 2197 614 2234 Iesu,
642 2197 728 2228 cuius
752 2207 808 2229 nos
833 2207 938 2230 sumus
962 2199 1098 2239 populus
1123 2204 1155 2231 et
1179 2210 1264 2241 oves,

428 2243 624 2275 Delictorum
646 2253 686 2275 ne
709 2244 754 2275 sis
779 2255 897 2278 memor
922 2249 1110 2286 nostrorum,
1137 2248 1210 2287 quia
1232 2249 1319 2281 leves

428 2289 540 2322 Sumus
567 2293 598 2320 et
618 2299 637 2321 a
662 2295 777 2322 natura
800 2293 841 2324 ad
867 2294 979 2324 malum
1006 2302 1131 2332 semper
1155 2295 1321 2340 proclives,

429 2337 509 2375 Quin
533 2337 682 2369 miserius
705 2341 775 2369 tuos
800 2338 853 2371 fac
876 2348 1035 2372 sermones
1059 2340 1149 2372 nobis
1172 2351 1296 2377 suaves,
