1650 2612
161 224 217 255 31.
244 224 327 261 Iesu,
356 224 504 256 adulterii

292 272 345 310 qui
371 270 496 309 culpam
522 274 719 306 commissam

242 317 272 348 A
295 317 401 349 David
426 320 460 348 tu
483 327 543 357 per
569 319 696 352 Nathan

293 365 417 396 revelas
444 364 615 407 dimissam,

248 411 282 442 Si
306 420 368 442 non
396 411 627 454 certitudinem,

293 461 432 490 attamen
457 467 545 497 spem
573 461 664 501 dona,

247 505 364 544 Culpas
390 507 515 537 nostras
542 507 665 538 diluens

293 550 490 583 confessione
515 552 607 586 bona.

163 627 218 658 32.
245 626 328 667 Iesu,
356 628 409 667 qui
433 628 594 660 tricesimo

292 675 413 713 psalmo
440 676 472 705 et
495 676 633 706 secundo

247 721 299 752 Ad
323 724 411 754 tuum
435 722 638 759 praeconium

292 766 404 798 fideles
430 768 527 799 corde
550 769 667 800 mundo

244 814 374 847 Inducis
401 817 431 845 et
455 815 630 854 praemium

291 861 455 900 praeconii
481 862 632 903 ostendis,

248 907 338 946 Quod
365 911 397 939 ct
420 908 484 939 illis
511 909 588 940 dare
613 909 670 951 vis,

292 963 370 994 quos
397 954 507 994 dignos
535 956 758 995 deprehendis.

162 1030 217 1063 33.
246 1031 328 1070 lesu,
355 1031 408 1070 qui
431 1030 536 1062 David
562 1031 595 1062 in
621 1030 704 1063 Geth

291 1078 334 1109 ad
359 1077 459 1109 Achis
484 1076 656 1117 fugientem

244 1124 274 1155 A
299 1125 399 1156 servis
426 1124 491 1155 eius
516 1125 611 1155 tertio

293 1172 397 1203 salvas
422 1170 640 1213 insanientem,

245 1219 308 1250 Pro
333 1227 395 1258 quo
421 1217 481 1248 tibi
505 1218 624 1257 gratias

292 1265 358 1306 agit
380 1266 411 1296 in
438 1265 498 1296 hoc
521 1265 655 1306 psalmo,

243 1311 331 1344 Doce
355 1320 411 1344 nos
435 1312 493 1343 has
517 1312 655 1343 reddere

292 1359 351 1391 tibi
376 1359 444 1391 Deo
470 1359 563 1391 almo.

162 1435 216 1468 34.
243 1434 325 1477 Iesu,
352 1436 405 1475 qui
429 1434 462 1465 in
488 1434 592 1466 Saulis

289 1481 365 1522 fuga
388 1482 590 1514 exsistentem

242 1529 386 1561 Exaudis
411 1528 516 1561 David
542 1537 647 1568 regem

290 1577 441 1608 auxilium
466 1579 637 1616 petentem,

247 1624 323 1664 Nos,
350 1624 404 1663 qui
428 1623 520 1655 malis
545 1623 718 1662 premimur

292 1680 384 1710 quam
408 1670 565 1710 plurimis,
592 1679 749 1711 rogamus,

245 1717 383 1758 Exaudi,
409 1717 464 1757 pie
486 1716 630 1756 Domine,

293 1768 325 1797 et
348 1765 510 1798 victimam
534 1764 673 1797 litamus.

159 1843 214 1874 35.
241 1843 325 1881 Iesu,
351 1841 405 1881 qui
429 1849 449 1871 a
475 1839 584 1871 doloso

291 1888 367 1921 Saul
391 1886 537 1920 liberasti

241 1936 359 1976 David,
386 1935 471 1975 quod
499 1936 531 1965 et
552 1942 611 1973 per
637 1941 707 1965 eum

289 1984 350 2015 hoc
373 1982 497 2024 psalmo
521 1980 731 2024 prophetasti,

241 2031 344 2072 Dona,
372 2031 445 2063 dum
469 2029 545 2069 quid
570 2028 719 2069 patimur,

287 2087 328 2110 ne
352 2078 449 2110 simus
474 2076 600 2119 ingrati,

240 2126 294 2158 Ad
319 2128 404 2158 tuam
431 2124 485 2164 qui
509 2123 690 2156 exsistimus

287 2173 457 2214 imaginem
483 2171 592 2203 creati.

159 2251 213 2283 36.
239 2250 323 2289 Iesu,
348 2248 402 2289 qui
427 2248 580 2280 docueras

287 2297 340 2328 hic
363 2294 443 2329 Noli
465 2293 635 2336 aemulari,

242 2343 287 2376 Ut
310 2353 371 2375 non
398 2352 468 2375 cum
492 2341 657 2375 malevolis

288 2399 474 2431 quaeramus
500 2389 678 2430 properari,

843 446 897 476 37.

841 846 895 878 38.

843 1247 896 1278 39.

842 1652 898 1683 40.

839 2058 895 2090 41.

925 230 1005 268 Quia
1029 230 1075 261 sic
1101 231 1157 267 est,
1184 228 1288 260 tribue

972 277 1107 308 adversa
1131 275 1267 306 libenter

925 323 968 354 Et
992 324 1105 363 omnia,
1134 331 1214 362 quae
1237 324 1385 365 patimur,

971 369 1055 402 ferre
1078 370 1245 410 patienter.

925 445 1006 484 lesu,
1033 453 1125 485 quem
1149 447 1241 484 rogat
1265 445 1368 477 David

972 493 1067 524 corde
1092 500 1185 530 atque
1210 500 1274 533 ore,

924 537 974 569 Ne
999 547 1065 570 eum
1093 547 1225 578 arguere

971 586 1050 616 velis
1074 586 1106 616 in
1132 584 1248 622 furore,

923 631 1029 662 Poena
1054 631 1114 663 sibi
1141 631 1249 664 debita

969 679 1034 709 suis
1058 686 1116 718 pro
1144 678 1277 718 delictis,

923 725 1023 765 Idem,
1049 732 1173 764 quaeso,
1200 725 1304 756 tribue

970 772 1112 802 omnibus
1137 769 1275 804 afflictis

921 845 1003 886 Iesu,
1030 847 1082 885 qui
1108 853 1213 885 regem
1237 846 1343 879 David

971 893 1060 924 dotas
1085 890 1261 934 affluenter,

923 939 1005 970 Dum
1035 939 1195 971 maledicit
1220 939 1332 980 Semei,

970 985 1079 1017 suffert
1103 986 1270 1027 patienter,

923 1032 1078 1072 Exemplo
1103 1036 1166 1063 tam
1192 1034 1327 1074 egregio,

970 1088 988 1111 o
1012 1080 1094 1120 Iesu,
1121 1088 1177 1110 nos
1202 1078 1345 1116 informa,

924 1126 969 1158 Ut
994 1126 1092 1158 virtus
1115 1126 1288 1164 patientiae

969 1176 1078 1204 nostra
1103 1171 1156 1203 fiat
1180 1182 1300 1205 norma.

923 1247 1006 1287 Iesu,
1033 1248 1086 1286 qui
1110 1247 1162 1278 hic
1187 1256 1300 1279 canere

969 1294 1074 1326 David
1099 1302 1187 1325 more
1210 1295 1263 1333 pio

923 1341 1047 1372 Iussisti
1073 1341 1112 1373 de
1136 1341 1268 1380 mystico

969 1388 1009 1419 de
1034 1396 1227 1427 corporeque
1250 1391 1314 1428 tuo,

920 1434 998 1466 Tam
1023 1435 1157 1475 grandia
1181 1436 1332 1474 mysteria

967 1482 1039 1513 Etsi
1063 1483 1258 1523 perscrutari

922 1528 1096 1568 Nescimus,
1122 1530 1234 1560 saltem
1260 1530 1364 1561 tribue

970 1585 1007 1608 ca
1033 1577 1185 1610 venerari.

925 1653 1007 1693 lesu,
1034 1653 1086 1692 qui
1110 1651 1142 1682 in
1169 1652 1229 1683 hoc
1253 1652 1376 1690 psalmo

972 1699 1011 1731 de
1035 1702 1089 1730 tua
1113 1699 1260 1737 passione

923 1746 1030 1778 David
1053 1745 1141 1784 loqui
1165 1744 1287 1777 feceras

971 1795 1003 1824 et
1026 1793 1267 1834 resurrectione,

924 1839 1016 1872 Hanc
1039 1848 1096 1871 nos
1121 1840 1300 1878 passionem
1328 1838 1380 1871 fac

971 1887 1075 1919 colere
1101 1887 1250 1918 decenter

923 1934 967 1966 Et
990 1937 1063 1973 post
1088 1934 1172 1965 vitae
1196 1934 1364 1966 terminum

969 1989 1099 2021 surgere
1123 1981 1307 2021 gaudenter.

922 2057 1003 2098 Iesu,
1032 2057 1112 2090 Core
1135 2056 1218 2089 filios

967 2106 1139 2145 inspiratos
1164 2114 1183 2136 a
1207 2107 1240 2136 te

922 2153 1080 2184 Psalmum
1104 2152 1198 2183 istum
1225 2160 1339 2184 canere

972 2200 1011 2232 de
1037 2199 1222 2239 captivitate

919 2247 1036 2280 lubens
1060 2246 1267 2288 Babyloniae,

967 2295 1028 2327 duc
1051 2303 1108 2326 nos
1135 2294 1230 2326 corde
1254 2294 1371 2326 mundo

919 2343 972 2374 Ad
999 2343 1134 2374 caeleste
1158 2342 1307 2382 gaudium

967 2390 1006 2421 de
1027 2390 1089 2421 hoc
1112 2397 1247 2429 nequam
1271 2389 1397 2421 mundo.

1237 2442 1277 2472 5*
