1650 2612
701 122 956 158 *lei-

629 217 698 251 Ave,
718 226 867 255 nunquam
887 227 961 255 quae
981 219 1084 248 defecit

629 255 727 283 Servis
748 258 809 284 suis
829 266 883 284 nec
902 257 1007 284 deiecit

627 294 696 321 Iesu
716 294 829 322 Christo
850 295 1023 323 famulantes

628 331 669 358 Et
687 340 746 358 non
765 333 840 359 male
858 333 1006 360 facientes.

177 372 222 407 22,
237 372 254 401 5
275 375 315 402 Et
334 377 466 403 turbatas
487 376 520 404 G.
540 392 578 396 —
598 376 642 410 24,
656 376 676 405 4
695 387 794 414 preces
815 381 917 407 ceteris
938 380 972 408 G.
992 394 1030 399 —
1050 378 1125 412 25,4
1146 378 1208 412 Quo
1228 378 1366 414 perflante
1379 378 1413 406 G.
1434 392 1471 396 —

177 410 223 446 27,
243 411 260 439 5
281 415 374 441 strata
393 413 520 441 brachiis
541 415 577 442 D.
597 430 634 434 —
654 414 699 449 28,
722 414 736 443 1
763 417 895 444 timidum
917 417 950 445 G.
970 432 990 436 -
1029 416 1073 452 29,
1096 415 1115 444 4
1134 417 1258 453 perimat
1276 416 1311 443 E.
1334 431 1350 435 —
1388 414 1433 449 29,
1453 415 1470 443 5

176 450 279 477 Donec
297 453 417 479 mortem
439 453 564 487 perimat
583 453 625 486 ἃς
646 454 747 481 Donec
768 455 868 481 mundi
888 455 1001 482 rediant
1020 455 1055 482 E.
1082 469 1112 473 —·
1135 453 1180 487 30,
1195 452 1211 481 5
1233 454 1299 482 Non
1319 455 1350 480 in
1370 454 1471 489 malig-

177 489 223 515 nis
244 489 280 515 D.
308 503 344 507 -—
374 487 419 520 34,
442 488 458 517 6
478 490 653 518 Potestatem
673 492 795 519 fortibus
819 492 852 520 G.
880 506 917 511 —
941 490 985 526 36,
1006 491 1024 521 3
1043 493 1166 519 vicimus
1188 492 1219 524 C,
1239 491 1354 527 figimus
1374 491 1407 519 G.
1434 506 1472 510 —

177 523 223 559 37,
244 524 262 552 2
282 527 471 562 Respondent
490 536 555 555 cum
575 529 611 556 D.
631 543 670 548 ——
688 527 733 562 39,
753 529 773 557 4
793 531 899 557 Tutum
921 539 951 557 es
972 530 1149 557 certantibus
1170 530 1203 557 G.
1222 545 1259 549 —
1279 527 1323 561 39,
1338 528 1355 556 5
1376 529 1416 556 Et
1435 529 1472 556 ad

177 566 205 590 te
226 564 420 592 clamantibus
443 565 476 592 G.
497 581 533 584 —
553 563 598 598 39,
620 565 637 594 6
664 567 777 601 Quietis
798 568 996 595 umbraculum
1018 567 1050 595 G.
1073 581 1106 587 -—
1127 565 1172 601 40,
1195 565 1209 594 1
1230 569 1312 603 virgo
1333 567 1368 600 D,
1390 574 1474 594 turea

175 598 238 629 DG.
264 617 296 621 —
316 601 361 636 40,
376 601 394 629 2
413 605 505 630 virtus
526 607 609 631 turea
627 604 663 636 D,
684 606 778 632 virtus
798 608 894 632 terrea
913 606 948 638 D,
973 606 1043 632 odor
1062 613 1157 633 terrea
1178 605 1211 639 G,
1232 606 1324 632 virtus
1338 604 1473 632 aetherea

176 638 215 665 H·
244 654 279 658 —
308 639 354 674 40,
374 639 393 668 4
414 640 602 676 Conflagrans
622 642 737 669 devotio
757 643 793 670 E.
817 656 854 661 —
878 641 925 676 40,
945 641 962 670 5
984 643 1055 671 Cum
1075 642 1202 678 fraglans
1225 642 1260 677 0;
1288 642 1328 668 Et
1346 642 1472 669 flaarans

176 676 209 704 G.
236 691 273 695 —
299 676 346 711 40,
368 677 384 706 6
407 679 528 706 Petebat
546 679 580 705 Ε.
602 693 636 698 -
657 678 702 714 42,
724 679 741 707 5
762 680 848 707 ducat
868 681 904 707 D.
924 696 961 700 —
981 678 1026 713 43,
1051 679 1065 707 1
1086 680 1196 707 divitiis
1217 680 1250 708 G.
1271 695 1308 699 —
1326 666 1410 712 43ss
1430 680 1472 707 nfl

176 714 266 742 ditius
287 716 324 743 H.
349 731 380 735 —
402 714 448 748 45,
464 715 481 743 5
501 725 592 752 vagos
613 717 728 753 colligit
746 718 784 744 H.
805 733 842 737 —
861 716 907 751 46,
919 717 936 745 5
957 719 1050 745 emine
1071 717 1107 745 D.
1127 732 1165 736 —-
1183 716 1229 750 47,
1245 715 1262 745 3
1281 717 1354 752 Regi
1368 720 1471 752 patens

176 751 210 787 G.
231 767 268 771 ——
286 752 332 786 49,
354 753 371 780 4
390 754 515 782 Nostrae
535 756 631 781 carnis
652 755 685 788 G,
707 756 791 783 Nune
810 764 861 791 per
880 757 976 783 carnis
996 756 1034 783 H.
1054 769 1091 774 —-
1111 753 1156 787 49,
1177 754 1194 782 5
1214 755 1287 782 fehlt
1306 755 1349 788 H3
1369 755 1470 782 Nostri

177 790 272 818 cordis
302 791 335 819 G.
363 807 398 810 —
423 789 468 826 49,
491 790 508 818 6
527 792 688 820 Modularis
709 793 747 820 H.
776 808 814 812 —
839 791 884 823 50,
910 791 923 820 1
945 802 1006 829 sqq.
1054 794 1143 821 Diese
1163 793 1335 828 Doxologie‚
1357 792 1409 818 auf
1425 792 1473 819 die

178 828 286 856 wieder
306 829 416 862 Gloria,
437 829 501 856 laus
522 832 575 856 etc.
595 830 675 866 folgt,
697 832 737 857 ist
756 832 804 858 ein
817 830 949 866 Zeichen,
971 831 1034 858 dass
1054 831 1102 858 die
1121 830 1195 858 oben
1215 831 1268 858 sub
1289 829 1304 857 Ι
1325 829 1471 857 erwahnte

178 867 293 901 spiitere
312 867 420 894 Zuthat
438 868 485 894 ist.

253 914 316 941 Vor
339 915 399 941 und
425 914 500 941 nach
521 914 629 941 diesem
649 915 824 942 Psalterium
842 914 975 942 befinden
993 915 1055 942 sich
1075 916 1107 941 in
1125 913 1351 940 verschiedenen
1373 914 1473 941 Hand-

177 950 316 979 schriften
344 951 550 979 verschiedene
582 953 714 988 Parerga.
756 953 865 987 Einige
892 953 987 980 haben
1013 953 1056 979 als
1083 952 1246 978 Proernium
1272 951 1323 978 das
1352 951 1475 978 Gedicht

177 989 201 1016 O
221 987 324 1022 Maria,
348 992 439 1016 mater
460 991 515 1024 pia,
539 998 555 1016 o
576 990 710 1026 benigna,
731 990 818 1017 laude
834 990 923 1025 digna
935 989 1094 1024 (BGDNO).
1116 989 1203 1016 Mone
1216 989 1254 1021 11,
1274 986 1330 1015 423
1345 997 1387 1024 sq.
1421 989 1474 1016 Bei

177 1026 302 1054 anderen
327 1027 397 1063 geht
423 1027 488 1054 dem
515 1027 590 1054 noch
615 1028 721 1054 vorauf
740 1028 875 1062 Suscipe,
900 1029 1015 1063 regina,
1043 1027 1117 1054 caeli
1137 1034 1211 1061 quae
1232 1030 1326 1053 mente
1347 1027 1474 1061 benigna

177 1067 228 1091 etc.
250 1064 354 1100 (ODH)
372 1064 431 1091 und
451 1064 568 1092 hierauf
585 1065 632 1091 die
649 1065 812 1092 bekannten
827 1065 971 1100 Strophen
994 1064 1017 1091 1.
1037 1066 1099 1092 Rex
1113 1063 1226 1091 Christe
1239 1064 1472 1097 clementissime,

175 1104 207 1128 tu
227 1102 315 1129 corda
333 1105 434 1130 nostra.
454 1102 584 1137 posside3
612 1100 638 1128 2.
658 1103 803 1129 Memento
826 1102 929 1129 salutis
947 1107 1060 1136 auctor3
1089 1099 1114 1128 3.
1135 1102 1232 1128 Maria
1250 1105 1341 1128 mater
1361 1103 1474 1138 gratiae

174 1139 234 1165 und
254 1139 301 1166 die
323 1141 448 1176 weniger
467 1139 616 1175 haufigen:

202 1184 229 1212 4.
251 1187 321 1220 Ave,
344 1195 360 1213 o
382 1189 475 1214 mater
493 1188 614 1223 gratiae,
882 1185 907 1213 6.
927 1187 1031 1220 Maria,
1051 1190 1143 1213 mater
1162 1187 1290 1219 Domini,

249 1225 344 1251 Mater
363 1225 588 1257 misericordiae,
929 1224 1094 1252 Sacrarium
1114 1224 1257 1259 paracliti,

247 1262 316 1289 Tibi
338 1260 458 1290 devotos
478 1265 598 1298 protege
927 1262 1018 1298 Virgo
1038 1263 1139 1298 regina
1157 1262 1312 1297 virginum,

247 1301 415 1336 Hostesque
434 1303 549 1327 nostros
570 1301 664 1336 abige.
927 1301 981 1327 Pro
1002 1301 1087 1327 nobis
1108 1307 1159 1326 ora
1178 1300 1344 1326 Dominum.

198 1355 224 1384 5.
245 1357 306 1384 Nos
326 1360 492 1392 peccatores
512 1357 628 1389 adiuva,
880 1355 906 1382 7.
927 1357 981 1384 Per
1001 1359 1090 1388 tuum,
1109 1358 1208 1389 mator,
1228 1355 1329 1389 fliium,

247 1392 349 1422 Preces
370 1396 495 1423 clemens
516 1396 662 1427 continua,
926 1395 983 1422 Per
1002 1397 1123 1430 patrem,
1142 1402 1193 1428 per
1212 1394 1384 1429 paraclitum

246 1433 295 1466 Ut,
316 1432 458 1469 quidquid
477 1433 547 1459 mali
571 1432 699 1465 fecimus,
925 1433 1009 1459 Assis
1029 1433 1114 1460 nobis
1135 1432 1171 1458 ad
1192 1433 1303 1459 obitum

246 1471 326 1498 Tuus
346 1472 476 1498 remittat
494 1470 582 1497 filius.
925 1470 1121 1506 Nostrumque
1141 1471 1221 1496 muni
1242 1472 1357 1497 exitum.

169 1518 199 1545 H
219 1517 272 1545 hat
290 1527 346 1545 nur
365 1518 444 1546 diese
463 1519 526 1544 vier
546 1518 654 1545 letzten
676 1518 828 1554 Strophen.
867 1518 941 1544 Dal's
962 1518 1110 1545 dieselben
1130 1517 1213 1544 nicht
1231 1526 1298 1544 vom
1319 1517 1469 1545 Verfasser

171 1556 221 1582 des
253 1556 443 1583 Psalteriums
473 1556 647 1588 herriihren,
683 1556 806 1583 braucht
832 1555 913 1582 nicht
941 1556 1074 1583 bemerkt
1103 1564 1139 1581 zu
1169 1555 1292 1582 werden.
1342 1556 1389 1582 An
1417 1555 1473 1583 deu

173 1592 288 1620 Schluss
309 1594 359 1621 des
380 1593 510 1621 Psalters
531 1596 605 1621 setzt
625 1594 648 1620 G
668 1594 717 1621 die
735 1594 837 1621 Verse:

249 1640 273 1668 O
293 1642 398 1673 Maria,
419 1649 471 1667 vas
486 1640 614 1676 pudoris,
924 1640 974 1674 Ut,
996 1650 1068 1676 quos
1088 1642 1152 1676 ipse
1171 1642 1231 1667 iam
1250 1641 1372 1668 redemit

248 1679 350 1707 Nostri
370 1680 462 1706 mater
482 1678 646 1712 salvatoris,
925 1678 967 1705 Et
986 1687 1087 1706 cruore
1107 1687 1159 1705 suo
1181 1680 1258 1712 emit,

264 1747 267 1753 ¹
287 1718 353 1745 Hac
372 1719 403 1744 in
422 1716 469 1743 die
964 1717 1025 1744 Nos
1046 1717 1083 1744 ad
1104 1724 1156 1743 sua

284 1756 331 1782 Tu
349 1755 476 1783 Messiae
965 1755 1055 1782 Prece
1069 1758 1122 1781 tua

325 1791 428 1821 Servos
448 1792 613 1826 reconcilia,
1002 1793 1147 1820 Perducat
1164 1792 1287 1828 gaudia3

171 1844 203 1870 in
230 1842 280 1869 der
310 1842 418 1869 letzten
437 1840 517 1868 Zeile
543 1840 618 1868 wohl
645 1840 835 1876 perducamur
854 1849 890 1867 zu
911 1840 1000 1868 lesen.
1026 1855 1063 1859 --
1091 1840 1117 1867 D
1138 1839 1251 1866 schickt
1270 1840 1317 1867 die
1337 1841 1472 1877 folgende

171 1880 357 1915 Bemerkung
375 1887 482 1907 vorans
492 1888 498 1905 :

249 1928 422 1963 Quicunque
448 1927 505 1953 hoe
525 1926 708 1962 psalterium,
735 1926 812 1962 quod
832 1928 971 1962 sequitur,
990 1927 1095 1954 beatae
1115 1927 1223 1962 viginis
1245 1927 1356 1953 Mariae
1378 1928 1471 1962 quoti-

173 1967 228 2000 die,
248 1967 297 1993 vel
318 1966 354 1993 ad
376 1966 471 1993 minus
491 1972 578 1991 unam
601 1966 836 2000 quinquagenam
856 1964 958 1992 devote
973 1965 1084 1994 dixerit.
1107 1965 1188 1996 sciat,
1211 1964 1285 2000 quod
1305 1966 1368 1992 sine
1383 1965 1470 1992 dubio

172 2008 291 2032 aeterna
317 2005 432 2031 visione
459 2004 562 2030 beatae
589 2003 712 2037 virginis
736 2003 767 2029 in
793 2004 928 2030 extremis
954 2011 1101 2036 nunquam
1121 2003 1244 2035 carebit,
1269 2002 1320 2029 sed
1339 2003 1385 2030 illi
1403 2006 1472 2030 tunc

172 2043 328 2080 apparebit
353 2045 382 2069 et
409 2050 474 2069 eum
501 2044 568 2068 ante
593 2041 697 2068 faciem
725 2039 779 2067 filii
806 2042 852 2068 sui
881 2041 1019 2077 perducet
1046 2044 1073 2068 et
1102 2041 1306 2068 remunerabit.
1346 2042 1421 2069 Nam
1450 2042 1475 2068 si

172 2083 237 2117 quis
265 2081 322 2108 hoc
346 2081 486 2108 attentius
512 2080 688 2115 perscrutari
712 2078 851 2111 voluerit,
880 2079 1093 2113 deprehendere
1115 2081 1212 2114 potest
1230 2087 1266 2106 ex
1286 2087 1319 2106 eo
1340 2079 1418 2115 quod
1437 2080 1470 2106 111

171 2120 297 2147 humano
318 2127 426 2155 genere
445 2126 505 2145 non
524 2119 673 2144 invenitur
695 2119 753 2144 tam
765 2117 908 2144 excellens
921 2117 986 2144 laus
999 2118 1120 2145 maioris
1133 2117 1278 2144 honorare
1289 2117 1319 2150 (1.
1333 2117 1472 2151 honoris).

171 2158 238 2185 Hoc
258 2160 287 2185 et
307 2166 324 2184 a
344 2157 444 2184 multis
465 2156 580 2189 dicitur,
602 2155 679 2192 quod
699 2155 757 2188 ille,
782 2156 832 2190 qui
850 2154 906 2182 hoc
926 2157 1094 2191 composuit,
1116 2155 1152 2182 ab
1173 2156 1240 2191 ipsa
1259 2155 1346 2182 beata
1357 2156 1472 2191 virgine

172 2196 273 2223 audire
293 2197 412 2228 meruit,
436 2194 513 2230 quod
532 2194 610 2221 ultra
629 2193 788 2220 humanum
806 2193 924 2220 modum
944 2195 1038 2229 ipsam
1056 2193 1228 2221 laudaverit.
1271 2194 1353 2221 Haec
1373 2195 1471 2221 omnia

171 2233 345 2261 fidelissima
373 2233 497 2261 veritate
526 2232 652 2267 probata
677 2233 706 2258 et
729 2230 899 2258 confirmata
923 2234 993 2259 suut
1018 2229 1074 2259 300
1101 2231 1203 2259 diebus
1228 2231 1428 2268 indulgentiae
1454 2240 1473 2258 a

173 2271 279 2299 domno
302 2272 458 2300 Benedicto
480 2270 650 2306 apostolico.
1122 2270 1128 2276 ¹

250 2319 516 2355 Autorenangaben
554 2317 651 2345 finden
684 2316 747 2344 sich
778 2317 925 2353 folgende:
966 2319 989 2346 B
998 2327 1014 2344 e
1020 2319 1091 2345 atis
1100 2318 1165 2344 sim
1174 2327 1212 2345 us
1245 2318 1272 2345 E
1279 2318 1297 2345 d
1303 2327 1331 2345 m
1337 2327 1383 2345 un
1390 2318 1408 2345 d
1415 2327 1435 2345 u
1442 2327 1455 2346 s
1463 2338 1470 2351 ,

174 2357 276 2385 archi
284 2359 361 2394 epis
369 2367 385 2385 c
393 2367 408 2385 o
419 2366 462 2393 pu
470 2366 483 2384 s
521 2355 637 2384 Cantu
645 2357 748 2383 arien
756 2357 818 2388 siS,
856 2358 1020 2392 composuit
1051 2357 1107 2384 hoc
1136 2356 1304 2392 psalterium
1339 2365 1472 2392 compen-

175 2396 258 2424 diose
282 2399 428 2433 sumptum
454 2404 490 2423 ex
508 2393 647 2431 psalterio
669 2394 806 2422 Davitico
826 2394 858 2420 in
876 2394 1016 2422 honorem
1037 2395 1068 2422 Β.
1089 2394 1124 2422 V.
1144 2395 1256 2422 Mariae
1262 2416 1269 2430 ,
1299 2397 1333 2422 ut
1351 2395 1472 2430 angelus
