1650 2612
203 197 258 230 11.

201 516 257 547 12.

205 833 259 864 13.

203 1150 257 1181 14.

205 1465 258 1496 15.

202 1783 255 1816 16.

202 2113 254 2145 17.

706 99 961 135 -124-

285 199 363 238 Ave,
391 206 464 230 rosa
487 200 574 229 tactu
597 197 687 235 lenis,

284 244 378 276 Cuius
400 244 500 283 vultu,
526 244 613 275 cuius
637 241 724 282 genis

329 292 433 323 Rubet
457 290 657 328 verecundia,

284 338 380 369 Vultu
405 337 490 369 cuius
515 337 615 368 instar
638 334 725 367 floris

283 385 457 416 Relucebat
479 384 534 414 lux
557 383 689 422 pudoris

332 430 502 471 Virginalis
526 429 638 469 gratia.

283 517 362 555 Ave,
386 522 470 553 rosa,
495 516 596 544 mater
619 513 691 550 Dei,

282 561 499 593 Admirandae
521 560 648 600 speciei,

327 608 424 640 Flore
445 606 683 648 fulgentissima,

281 655 376 695 Rosa,
401 655 538 693 inquam,
566 654 643 685 clari
667 652 764 692 floris,

281 702 389 742 Longe
419 709 570 740 spargens
595 701 658 732 vim
685 699 802 730 odoris.

331 747 449 780 Gratiis
473 748 666 787 plenissima.

285 833 364 873 Ave,
389 840 471 872 rosa,
497 840 623 871 germen
649 832 776 872 clarum,

283 879 339 910 Nil
363 879 487 921 spineti,
513 879 559 909 nil
584 879 755 919 spinarum,

330 926 385 957 Nil
409 925 522 964 rigoris
545 926 694 964 retinens,

284 973 379 1012 Virgo
404 972 488 1004 vitae
512 972 690 1011 singularis,

283 1018 478 1058 Disciplinae
500 1019 651 1057 puellaris

328 1065 544 1104 Principatum
571 1065 726 1097 obtinens,

281 1150 359 1191 Ave,
386 1157 458 1181 rosa
480 1149 632 1188 paradisi,

285 1197 345 1226 Per
370 1203 462 1235 quam
485 1196 588 1227 morbi
612 1198 685 1226 sunt
709 1194 789 1226 elisi.

331 1242 477 1282 Serpens,
501 1251 577 1281 quos
601 1242 779 1278 induxerat,

282 1289 388 1320 Morbi
413 1289 533 1331 mortis,
560 1289 679 1328 primus¹
704 1288 794 1318 homo

286 1335 368 1373 Quos
393 1338 515 1375 gustato
540 1344 601 1366 uno
625 1343 716 1374 pomo

330 1383 367 1414 Iu
391 1385 521 1421 nepotes
548 1381 684 1413 fuderat.

282 1466 361 1504 Ave,
386 1474 459 1497 rosa
481 1465 596 1496 rubens
620 1473 728 1505 verno,

285 1511 331 1542 Te
356 1515 478 1543 creator
502 1512 541 1543 ab
567 1515 693 1544 aeterno

330 1558 382 1590 Sic
404 1559 707 1598 praedestinaverat-

284 1605 329 1638 Ut
352 1614 391 1637 ex
415 1608 467 1637 tua
493 1614 587 1637 carne
612 1615 694 1645 pura

284 1651 421 1684 Verbum
447 1661 531 1684 esses
555 1654 707 1694 genitura,

332 1699 434 1732 Corde
458 1700 541 1739 quod
565 1702 754 1733 ructaverat.

283 1786 360 1827 Ave,
387 1793 459 1816 rosa
482 1786 587 1816 suavis
611 1788 687 1823 tota,

281 1831 330 1862 Tu
355 1831 498 1863 columba
520 1832 604 1863 lacte
623 1833 697 1874 lota,

329 1877 472 1909 Affluens
499 1879 631 1919 deliciis,

281 1926 428 1965 Pulchra,
456 1925 580 1965 decens,
612 1926 802 1966 verecunda,

283 1972 437 2011 Prudens,
451 1974 544 2014 casta,
560 1972 656 2015 mitis,
673 1972 800 2011 munda,

330 2018 457 2050 Cunctis
480 2019 576 2058 plena
599 2020 719 2059 gratiis

281 2113 360 2154 Ave,
387 2121 468 2152 rosa,
495 2121 573 2152 prae
597 2113 711 2152 puellis

284 2159 366 2191 Solis
389 2158 482 2190 iubar
504 2161 541 2190 ut
563 2169 642 2198 prae
665 2160 777 2200 stellis,

328 2207 374 2239 Ut
398 2215 511 2238 aurora
535 2207 677 2248 rutilans,

283 2253 474 2285 Nascebaris
498 2256 532 2284 ut
557 2263 680 2295 aurora,

283 2301 374 2332 Luna
397 2299 458 2332 fuit
482 2301 566 2332 vitae
589 2310 687 2341 mora,

327 2348 383 2380 Sol
409 2357 440 2380 es
466 2356 589 2379 sursum
612 2348 759 2381 jubilans.

874 195 927 227 18.

874 513 928 545 19.

872 832 926 864 20.

870 1468 926 1498 22.

872 2116 927 2147 24.

953 195 1033 232 Ave,
1059 203 1141 235 rosa,
1166 196 1251 227 vitae
1275 192 1359 233 vitis,

952 241 1037 272 Vero
1062 240 1167 273 David
1190 241 1361 273 sunamitis

999 287 1046 319 Es
1071 288 1213 327 quaesita
1236 288 1369 327 longius,

954 333 1022 372 Qua
1045 337 1173 373 reperta
1196 335 1279 366 inter
1303 334 1390 364 mille

952 380 1034 412 Esse
1057 381 1140 413 vidit
1163 380 1256 412 fortis
1276 381 1333 411 ille

999 427 1089 459 Nihil
1113 427 1289 460 amabilius,

955 512 1035 552 Ave,
1058 520 1132 543 rosa
1154 515 1232 543 nata
1253 511 1381 553 mundo,

954 558 1165 590 Volvebamur
1188 559 1222 590 in
1246 557 1406 598 profundo

998 605 1176 637 Umbrosae
1201 605 1352 645 caliginis,

952 651 1022 683 Lux
1047 656 1095 683 est
1118 661 1188 684 orta
1213 656 1244 684 te
1267 655 1427 689 nascente,

953 699 1022 730 Tua
1046 698 1136 730 fulsit
1159 700 1215 731 lux
1238 702 1369 738 repente

998 746 1036 777 ln
1060 747 1192 778 salutem
1217 745 1362 778 hominia

952 830 1034 869 Ave,
1059 839 1142 870 rosa,
1168 838 1284 870 sponsa
1310 830 1439 872 Christi,

954 876 1091 908 Hesther
1115 886 1197 908 nova
1221 877 1404 916 appendisti

999 924 1102 954 Aman
1126 924 1159 955 in
1184 923 1336 963 patibulo,

953 969 1035 1001 Dum
1060 972 1256 1002 amataffoeo
1282 970 1398 1001 Vasthi

954 1016 1084 1048 Gentem
1111 1020 1196 1048 tuam
1220 1017 1369 1048 liberasti

998 1064 1114 1095 Mortis
1139 1073 1158 1095 a
1181 1064 1334 1103 periculo.

920 1175 926 1182 .
952 1148 1031 1186 Ave,
1057 1157 1131 1179 rosa
1153 1149 1222 1180 sola
1246 1149 1341 1187 potis,

952 1194 1051 1226 Ferre
1075 1196 1137 1226 vim
1163 1195 1369 1226 rhinocerotis

998 1241 1042 1272 Et
1064 1242 1215 1272 invictum
1240 1250 1363 1283 capere,

952 1288 1032 1320 Dum
1058 1289 1216 1328 signatum
1241 1287 1311 1319 fera
1332 1289 1391 1320 tali

953 1334 1030 1366 Sinu
1053 1335 1174 1366 claudis
1199 1335 1347 1374 virginali

997 1381 1186 1413 Moriturum
1212 1390 1357 1422 propere.

951 1468 1031 1506 Ave,
1056 1475 1138 1508 rosa,
1164 1466 1343 1503 recordare,

952 1512 1032 1545 Dum
1050 1513 1113 1544 iam
1125 1517 1248 1553 tempus
1261 1514 1475 1553 propinquare

999 1559 1149 1591 Cerneret
1170 1561 1351 1603 altissimus,

957 1606 1022 1644 Quo
1045 1608 1205 1639 necandus
1228 1607 1314 1646 ligno
1341 1608 1442 1639 crucis

952 1653 1074 1685 Dextra
1099 1652 1182 1685 foret
1205 1654 1310 1693 magni
1336 1655 1425 1686 ducis

998 1702 1102 1732 Aman
1125 1700 1381 1741 superbissimus.

920 1811 927 1817 .
954 1786 1033 1824 Ave,
1058 1794 1140 1824 rosa,
1166 1786 1244 1818 orbe
1267 1789 1334 1817 toto

953 1832 1161 1870 Quaerebaris
1185 1833 1248 1864 Dei
1272 1836 1355 1873 voto,

1002 1880 1171 1918 Virginalis
1197 1880 1336 1920 castitas,

953 1925 1003 1958 De
1027 1935 1089 1965 qua
1112 1930 1220 1966 posset,
1245 1926 1339 1966 digne
1361 1928 1459 1968 nasci,

958 1972 1054 2004 Lacte
1080 1974 1166 2005 cuius
1192 1973 1287 2005 vellet
1313 1974 1403 2012 pasci
1425 1982 1428 1985 ·

999 2020 1200 2052 1ncarnanda
1223 2020 1350 2052 veritas.

953 2115 1033 2153 Ave,
1059 2122 1131 2145 rosa
1155 2114 1202 2145 sic
1225 2113 1377 2153 quaesita,

953 2161 1098 2193 Pretiosa
1121 2159 1294 2200 margarita

1000 2207 1109 2246 Longe
1132 2206 1312 2246 pretiosior,

954 2254 1094 2287 Inveniri
1118 2253 1270 2291 meruisti,

955 2301 1008 2333 Sic
1030 2301 1159 2331 inventa
1182 2301 1341 2343 placuisti,

1002 2347 1128 2379 Cunctis
1151 2347 1329 2381 amabilior.
