1650 2612
702 121 958 156 —141—

214 211 245 244 3.
272 213 353 253 Ave,
380 221 474 245 sacra

320 260 410 291 verbi
435 269 605 304 puerpera,

271 307 328 339 Me
351 307 384 338 in
410 307 530 340 Christi

321 354 439 386 virtute
463 355 575 398 libera,

272 400 373 432 Deum
399 402 492 442 placa

321 457 411 480 sacro
436 450 628 493 precamine,

273 494 319 527 Ut
342 504 393 527 me
417 497 521 528 salvet

317 543 351 574 in
376 552 432 575 suo
455 544 591 584 nomine,

367 590 392 622 Ο
419 591 507 631 virgo
532 593 666 623 sacrata.

236 681 243 687 .
270 656 352 697 Ave,
377 657 477 696 virgo,

323 712 402 742 quae
429 703 545 744 degens
572 703 701 735 caelitus

270 749 436 790 Elongasti

322 797 498 829 mundanos
523 798 688 837 strepitus,

271 844 366 876 Domi
390 847 533 876 sanctum

320 891 435 931 agebas
461 892 568 935 otium,

273 938 349 970 Cum
376 939 544 970 caelestem

319 985 429 1018 vidisti
454 986 608 1028 nuntium,

367 1033 392 1065 Ο
418 1041 536 1072 sponsa
560 1033 663 1064 beata.

240 1124 248 1132 .
276 1100 356 1137 Ave,
382 1098 481 1138 virgo,

320 1153 381 1184 per
406 1145 494 1176 cuius
518 1145 666 1176 meritum

270 1192 371 1223 Dirae
394 1192 505 1223 mortis

319 1239 368 1270 ius
393 1241 442 1270 est
466 1238 632 1279 abolitum,

271 1286 317 1319 Ut
340 1286 493 1326 attingam

317 1334 421 1364 lumen
447 1333 631 1374 viventium,

271 1381 370 1414 Pedis
394 1380 457 1411 mei

319 1436 394 1467 rege
419 1427 595 1467 vestigium,

369 1475 394 1507 O
419 1474 560 1506 iustitiae
586 1474 659 1506 dux.

241 1577 248 1583 .
275 1552 355 1588 Ave,
380 1549 480 1591 virgo,

319 1605 376 1628 nos
402 1596 528 1628 Christo
553 1604 721 1635 praepara,

272 1644 332 1683 Qui
357 1642 459 1675 factus
484 1645 533 1674 est

318 1691 351 1722 in
376 1690 462 1730 ligno
489 1690 618 1732 cithara,

272 1738 331 1777 Qui
356 1738 521 1769 'tormentis

320 1785 448 1817 attritus
475 1786 590 1824 sonuit,

271 1833 383 1865 Donec
406 1841 548 1873 surgens,

319 1880 389 1920 quis
416 1882 508 1919 esset,
535 1879 657 1921 claruit,

366 1928 392 1960 O
417 1927 559 1958 laetitiae
584 1927 650 1958 lux.

210 2006 228 2036 7
235 2028 242 2036 .
269 2004 350 2045 Ave,
377 2002 465 2034 cuius

320 2051 424 2083 carnis
449 2049 628 2082 substantia

271 2099 361 2132 Tulit
385 2106 503 2140 arcum,

318 2146 371 2187 qui
396 2145 495 2186 fregit
518 2145 633 2185 omnia,

270 2194 321 2226 Ne
343 2202 401 2226 nos
428 2196 538 2233 tangat

316 2241 369 2273 hic
393 2249 496 2280 arcus,
520 2241 667 2280 impetra,

271 2288 367 2321 Cuius
392 2297 485 2324 arcus

318 2335 407 2368 fuisti
432 2338 573 2376 paretra,

366 2384 391 2416 Ο
417 2384 537 2417 blanda
560 2382 716 2424 precanti.

897 219 929 250 8.

875 1100 929 1132 10.

871 1551 928 1583 11.

877 2004 930 2036 12.

955 218 1033 260 Ave,
1060 224 1118 257 per
1141 225 1231 256 quam

1001 263 1125 302 suscepi
1149 263 1327 301 Dominum,

955 312 1014 350 Qui
1038 311 1177 350 suscepit

1001 361 1145 390 naturam
1170 357 1339 400 hominum,

956 405 1052 438 Cuius
1078 404 1157 436 lenis

1000 451 1227 490 misericordia,

951 500 1005 531 Me
1030 498 1170 537 suscepit

1001 554 1148 578 concessa
1173 545 1272 584 venia,

1046 593 1070 625 Ο
1098 592 1198 623 dulcis
1224 592 1351 625 amanti.

922 684 928 692 .
954 660 1033 701 Ave,
1060 666 1117 698 per
1142 666 1235 697 quam

998 705 1036 737 fit
1058 706 1127 737 Deo
1151 704 1280 737 subdita

954 752 1038 785 Gens
1063 754 1191 784 aeterno

1001 801 1156 831 tormento
1183 799 1301 838 dedita,

953 848 1015 879 Per
1039 849 1070 877 te
1095 847 1203 885 gentes

999 893 1134 924 salvavit
1157 893 1300 931 perditas

954 940 1102 972 Calceata

1000 994 1094 1018 carne
1120 986 1278 1026 divinitas,

1047 1034 1071 1066 Ο
1096 1041 1151 1063 vas
1178 1033 1315 1065 deitatis.

955 1100 1037 1139 Ave,
1063 1099 1169 1130 cordis

1002 1145 1125 1178 medela
1147 1146 1255 1185 saucii,

955 1194 1070 1225 Preces
1094 1192 1168 1224 audi

1001 1239 1165 1272 clamantis
1189 1240 1282 1283 anxii,

955 1286 1021 1319 Nos
1045 1287 1078 1319 in
1103 1288 1196 1326 petra

1000 1334 1126 1367 Christo
1153 1333 1332 1374 corrobora,

957 1381 1007 1413 Ne
1025 1381 1187 1422 peccando

1002 1427 1152 1460 vacillent
1176 1430 1318 1468 pectora,

1050 1476 1074 1508 Ο
1099 1473 1169 1506 fons
1195 1475 1334 1514 pietatis

953 1552 1034 1591 Ave,
1059 1558 1118 1590 per
1143 1559 1237 1590 quam

1001 1597 1122 1630 invenit
1145 1597 1293 1640 pretium,

955 1646 1014 1685 Qui
1039 1645 1176 1677 redemit

998 1694 1131 1732 peccata
1158 1693 1307 1735 gentium,

955 1739 1033 1772 Cum
1058 1739 1093 1771 id
1119 1748 1137 1770 a
1163 1747 1197 1770 se

999 1787 1137 1819 Iudaeus
1161 1787 1290 1826 repulit,

954 1833 995 1865 Se
1020 1834 1203 1872 redemptor

1000 1881 1042 1913 ad
1067 1883 1176 1922 gentes
1197 1881 1370 1921 transtulit,

1048 1929 1073 1961 Ο
1100 1927 1180 1959 dura
1203 1928 1358 1968 malignis,

956 2005 1036 2044 Ave,
1063 2003 1181 2037 Christi

1002 2061 1081 2093 quae
1105 2051 1176 2082 sinu
1200 2051 1345 2095 recubas,

956 2100 1043 2139 Quae
1066 2099 1227 2139 precando

1001 2156 1060 2186 pro
1084 2146 1176 2178 nobis
1202 2146 1351 2189 excubas,

956 2194 1050 2227 Cuius
1076 2193 1178 2226 Deum

1003 2241 1104 2274 sitivit
1128 2241 1243 2281 anima,

956 2289 1036 2322 Caro
1061 2289 1134 2321 tulit

1001 2346 1110 2369 amara
1133 2337 1281 2376 plurima,

1049 2385 1074 2418 Ο
1096 2384 1214 2416 blanda
1238 2385 1392 2425 benignis,
