1650 2612
218 214 272 246 17.

221 530 274 563 18.

220 849 274 881 19.

220 1166 275 1198 20.

219 1482 273 1515 21.

219 1802 274 1833 22.

219 2127 274 2160 23.

297 214 377 254 Ave,
403 222 485 252 rosa,
512 220 603 243 carae
624 210 707 250 proli

297 258 489 292 Intendebat
512 267 612 297 paene
636 257 695 289 soli

347 307 509 338 Maternus
533 305 676 344 intuitus,

299 352 494 385 Excomebas
519 354 622 383 vestes
647 351 741 388 cultu,

300 399 391 431 Solus
415 402 486 429 tuus
508 399 564 429 illo
589 398 678 429 vultu

346 445 533 485 Quiescebat
556 444 695 485 spiritus.

300 531 377 573 Ave,
404 538 487 566 rosa,
512 537 585 560 rosa
608 528 726 564 mundi.

299 576 352 609 Sic
376 585 430 608 vos
456 584 560 615 cerno,
585 574 772 606 coniucundi

343 622 512 655 Floruistis
535 622 655 661 pariter

297 671 335 702 In
360 678 467 701 amore
490 678 620 709 prorsus
643 669 732 708 miro,

300 717 365 749 Soli
391 716 488 749 dabas
512 716 561 747 illi
584 715 653 747 viro

345 764 392 795 Tc
414 761 594 795 adflandam
620 762 766 794 dulciter.

300 849 379 887 Ave,
404 855 487 886 rosa,
514 846 608 878 credo
633 854 716 884 vere,

300 895 388 933 Quod
414 897 446 925 te
470 896 601 924 matrem
625 893 671 924 nil
694 893 795 924 latere

347 941 544 973 Secretorum
569 942 703 980 poterat,

300 990 386 1026 Quae
402 995 436 1019 se
451 987 579 1018 verbum
599 995 637 1018 ex
653 989 685 1017 te
700 988 818 1026 natum,

300 1034 400 1067 Carne
424 1035 478 1064 tua
500 1034 696 1064 incarnatum

344 1081 535 1112 Effecturum
560 1083 700 1112 noverat.

300 1165 379 1206 Ave,
404 1173 486 1201 rosa,
513 1164 622 1195 mundi
647 1164 720 1201 vita,

299 1212 395 1250 Quam
420 1211 573 1251 miranda,
606 1219 697 1250 quam
720 1211 822 1251 ignita

349 1258 488 1290 Caritate
510 1255 624 1297 affluis,

302 1305 325 1336 O
352 1313 444 1343 quam
468 1312 562 1342 saepe.
587 1304 683 1335 corde
706 1304 789 1335 laeto

301 1351 375 1382 Nati
403 1350 502 1383 dulcis
526 1351 558 1381 in
583 1354 703 1382 secreto

345 1398 397 1429 Ad
424 1397 585 1436 amplexus
609 1398 744 1436 proruis.

300 1483 379 1520 Ave,
406 1490 476 1512 rosa
512 1490 630 1513 memor
655 1485 730 1521 esto,

299 1528 487 1568 Nuptiarum
517 1528 589 1560 dum
613 1528 646 1559 in
671 1528 751 1560 festo

346 1576 465 1615 Egeret
490 1575 675 1607 convivium.

301 1622 349 1653 lbi
375 1631 444 1653 eras
468 1624 501 1652 tu
527 1622 673 1663 concivis,

302 1670 382 1701 Vino
408 1672 487 1707 eget.
513 1677 573 1699 non
601 1669 740 1700 convivis

348 1715 463 1747 Nobile
486 1716 667 1750 triclinium,

300 1802 379 1840 Ave,
405 1809 486 1840 rosa,
512 1800 719 1841 contristaris.

300 1848 493 1879 Contristata
517 1847 676 1879 miseraris

346 1894 458 1933 sponsi
483 1895 714 1935 verecundiam,

301 1941 385 1972 Nato
409 1941 524 1980 pandis
549 1944 648 1972 aestus
679 1950 780 1984 curae,

299 1987 519 2026 Obrespondet
541 1988 597 2019 ille
621 1988 699 2019 dure

346 2034 433 2065 Nutu
457 2042 587 2065 servans
611 2035 752 2074 gratiam.

301 2129 378 2167 Ave,
403 2135 486 2164 rosa,
511 2135 572 2157 nec
596 2128 709 2159 acerbo

300 2173 490 2205 Exturba-ris
514 2174 580 2204 nati
605 2174 711 2212 verbo,

350 2221 436 2259 Quae
460 2223 623 2261 negantem
650 2230 782 2254 noveras

299 2267 371 2299 Non
395 2267 538 2306 negantis
563 2266 649 2298 ferre
673 2272 788 2309 votum,

301 2315 363 2346 Sed
388 2314 521 2352 implere
546 2315 628 2345 velle
651 2317 761 2357 totum,

346 2361 437 2395 Votis
463 2362 546 2400 quod
571 2365 748 2401 optaveras.

817 115 880 149 128

889 210 944 240 24.

886 527 940 557 25.

889 845 942 878 26.

889 1164 943 1196 27.

889 1483 944 1514 28.

890 1802 944 1833 29.

892 2129 947 2161 30.

970 208 1050 248 Ave,
1076 216 1158 247 rosa,
1184 208 1295 239 mirum
1321 204 1452 244 grande,

969 254 1059 292 Quod
1082 255 1219 293 petentis
1243 256 1349 285 votum
1373 250 1492 282 blande

1015 301 1111 339 Quasi
1134 310 1251 341 negans
1276 298 1389 337 arguit,

969 347 1033 379 Sed
1056 348 1202 380 nimirum
1228 347 1317 378 vultu
1341 345 1423 375 laeto

968 394 1041 425 Tibi
1066 395 1168 425 latens
1192 395 1226 425 in
1250 393 1372 425 secreto

1016 441 1168 473 Voluntas
1193 439 1338 471 innotuit..

968 527 1052 565 Ave,
1077 533 1160 565 rosa,
1186 524 1251 555 scio
1277 530 1361 562 vere,

968 572 1056 603 Nihil
1080 580 1210 610 prorsus
1235 573 1267 602 te
1290 571 1391 601 latere

1014 618 1157 650 Latentis
1183 618 1314 659 consilii,

967 666 1050 697 Fatu
1074 665 1178 697 suavis
1206 663 1393 704 disciplinae

968 713 1050 744 Dum
1076 712 1203 753 impleri
1226 715 1289 743 tam
1314 709 1429 742 festine

1016 761 1107 792 Iussa
1129 759 1219 790 iubes
1243 757 1311 791 filii.

969 845 1048 884 Ave,
1080 853 1162 884 rosa,
1189 852 1281 883 quam
1306 845 1340 874 tu
1363 841 1492 881 gaudes,

966 891 1037 923 Non
1063 891 1210 923 audenda
1234 890 1308 921 dum
1330 888 1377 920 sio
1396 889 1494 920 audes

1015 938 1142 970 Amoris
1166 937 1294 975 fiducia,

971 985 1060 1016 Votis
1086 985 1172 1016 cuius
1197 984 1283 1016 Deus
1310 982 1404 1022 cedit,

968 1032 1026 1063 Cui
1048 1034 1140 1070 paret
1165 1034 1197 1062 et.
1220 1030 1349 1063 oboedit

1016 1078 1168 1110 Caelestis
1192 1078 1344 1117 potentia.

968 1163 1047 1205 Ave,
1074 1171 1156 1200 rosa,
1182 1162 1270 1193 iubet
1293 1162 1405 1200 lactus,

971 1210 1187 1241 Ministrorum
1211 1212 1304 1248 paret
1328 1210 1445 1247 coetus,

1017 1257 1110 1296 Aqua
1134 1256 1239 1295 replet.
1261 1254 1402 1295 hydriaS,

971 1303 1117 1343 Lympha
1141 1305 1248 1342 stupet
1269 1301 1471 1340 flavescente,

973 1350 1058 1388 Quae
1083 1350 1153 1381 dum
1178 1350 1283 1381 vinum
1300 1348 1337 1380 fit
1353 1351 1494 1388 repente,

1020 1396 1137 1435 Stupor
1160 1396 1227 1437 agit
1250 1395 1379 1436 gratias,

969 1482 1048 1519 Ave,
1071 1490 1143 1512 rosa
1168 1483 1217 1511 ter
1240 1480 1343 1520 beata,

972 1530 1069 1566 Quam
1090 1528 1242 1559 immense
1267 1526 1425 1559 cumulata

1018 1575 1197 1607 Gratularis
1220 1575 1345 1614 gaudio,

974 1621 1056 1655 Dum
1083 1630 1121 1653 ex
1147 1631 1229 1661 aqua
1246 1621 1362 1653 factum
1378 1621 1495 1660 vinum,

972 1669 1043 1700 Non
1068 1671 1230 1706 terrestre,
1259 1669 1317 1700 sed
1343 1667 1494 1706 divinum,

1018 1716 1135 1747 Fertur
1158 1716 1192 1747 in
1218 1715 1369 1748 convivio.

974 1801 1051 1840 Ave,
1077 1809 1159 1839 rosa,
1187 1809 1225 1831 ex
1249 1801 1310 1831 hac
1334 1799 1412 1830 hora

973 1850 1060 1880 lesus
1086 1850 1167 1886 tuus,
1194 1856 1211 1878 o
1239 1847 1363 1885 decora,

1019 1894 1188 1934 Splenduit
1210 1892 1371 1925 miraculis

971 1943 1019 1973 Te
1043 1941 1180 1980 vidente,
1206 1950 1223 1972 o
1249 1940 1394 1979 benigna,

971 1988 1063 2019 Facit
1089 1988 1178 2027 mira,
1205 1986 1282 2018 facit
1305 1986 1395 2025 signa

1018 2034 1166 2066 Inaudita
1190 2033 1334 2065 saeculis.

973 2129 1053 2167 Ave,
1079 2136 1163 2168 rosa,
1188 2126 1274 2158 floris
1301 2126 1388 2167 clari,

974 2174 1042 2206 Coli
1068 2174 1163 2213 digna
1187 2177 1219 2204 et
1242 2173 1352 2212 amari,

1021 2220 1155 2252 Summis
1182 2220 1277 2260 digna
1297 2221 1456 2264 laudibus,

972 2268 1075 2308 Digne
1099 2268 1217 2307 gaudes
1242 2272 1309 2300 tota
1333 2272 1448 2310 mente,

971 2316 1046 2348 1esu
1070 2316 1122 2345 tuo
1147 2317 1193 2346 tot
1219 2313 1360 2355 fulgente

1018 2361 1122 2401 Signis
1148 2364 1180 2392 et
1202 2362 1384 2396 virtutibus.
