1650 2612
678 118 932 153 —193—

172 208 227 241 27.
254 208 335 248 Ave,
358 219 475 242 manna
499 213 674 245 candidior.

256 255 305 287 De
330 266 391 296 qua
416 256 453 289 fit
476 260 570 291 melle
596 260 717 292 dulcior

255 303 360 345 Panis,
386 313 447 344 quo
474 306 552 337 caeli
580 307 667 339 curia

253 350 341 382 Vivit
366 352 422 383 sed
448 355 479 384 et
504 354 647 386 ecclesia.

171 437 226 469 28.
253 436 333 475 Ave,
359 447 418 477 pro
444 438 531 470 cuius
556 438 622 471 filio

254 483 356 516 Facta
380 483 441 516 fuit
466 485 574 518 effusio

255 531 384 563 Cruoris
410 532 622 565 innocentium

252 578 376 611 Furore
402 581 665 620 persequentium.

172 665 228 697 29.
256 665 333 702 Ave,
358 664 390 695 in
419 675 480 705 qua
504 675 561 705 per
585 665 716 706 gratiam

253 711 415 743 Excitavit
440 713 616 752 potentiam

255 758 341 790 Deus
366 762 474 791 noster
498 760 668 791 adveniens

254 805 319 837 Per
344 809 375 837 te
399 815 457 838 nos
482 807 586 838 salvos
612 806 742 841 faciens,

172 891 227 923 30.
253 891 333 930 Ave⁷
360 892 493 930 pulchra
516 892 598 923 sicut
621 893 705 929 luna,

255 939 316 969 Per
340 941 372 969 te
397 939 487 970 nobis
514 939 580 970 dies
604 948 667 971 una

253 985 335 1016 Vere
359 985 415 1016 fiet
435 989 510 1017 tunc
534 985 694 1025 sollennis‚

254 1032 331 1064 Cum
356 1031 491 1072 fulgebit
515 1034 562 1064 sol
586 1033 744 1072 perennis,

172 1117 228 1150 31.
253 1117 332 1158 Ave,
359 1126 418 1156 per
442 1127 534 1156 quam
559 1121 630 1148 sunt
656 1116 714 1148 filii

253 1164 383 1195 Excelsi
407 1173 514 1196 omnes
540 1167 570 1195 et
596 1164 650 1204 dii,

253 1211 412 1250 Quotquot
436 1213 544 1242 terunt
567 1211 697 1243 humilia

252 1258 426 1290 Salvatoris
451 1259 593 1299 vestigia.

171 1345 224 1378 32.
251 1344 331 1379 Ave,
360 1344 516 1375 caelorum
544 1344 679 1380 domina,

254 1391 436 1430 Principum
462 1391 578 1422 victrix
604 1390 731 1429 femina,

253 1439 342 1478 Fuga
366 1442 509 1470 catervas
534 1438 669 1470 hostium

253 1485 365 1517 Pacem
390 1488 531 1517 nostram
556 1484 760 1516 turbantium.

170 1571 223 1604 33.
251 1571 330 1607 Ave,
358 1570 460 1609 prima
485 1569 684 1610 feminarum,

251 1618 337 1656 Quae
360 1618 399 1649 de
424 1617 508 1648 valle
532 1618 732 1649 lacrimarum

249 1665 302 1696 Ad
328 1665 441 1706 locum,
468 1673 557 1704 quem
585 1664 762 1706 possedisti,

256 1712 316 1744 Per
341 1712 475 1743 virtutes
501 1711 681 1743 ascendisti.

167 1799 222 1831 34.
248 1798 329 1838 Ave,
354 1798 387 1829 in
414 1807 475 1838 qua
499 1798 629 1840 iustitia,

254 1845 317 1876 Pax
343 1849 374 1876 et
399 1845 618 1877 misericordia

251 1893 440 1933 Veritasque
466 1893 664 1933 conveniunt,

247 1940 376 1972 Foedus
399 1940 514 1972 amoris
540 1940 660 1971 ineunt.

171 2024 226 2056 35.
255 2024 334 2063 Ave,
362 2023 478 2054 ancilla
501 2022 640 2061 Domini²

253 2070 344 2102 Prius
370 2071 465 2109 servi,
491 2078 575 2101 nunc
601 2068 719 2100 domini

252 2119 316 2150 Per
340 2121 425 2149 tuum
452 2126 559 2149 sumus
586 2116 694 2155 filium,

250 2165 371 2205 Regale
395 2165 619 2197 sacerdotium.

164 2249 223 2281 36.
247 2247 327 2289 Ave,
354 2247 387 2278 in
414 2256 476 2286 qua
501 2246 593 2278 homo
619 2247 722 2282 natus,

251 2294 309 2333 Qui
334 2297 366 2325 te
391 2293 477 2333 fecit,
503 2294 536 2325 in
562 2297 594 2325 te
617 2293 730 2331 factus,

249 2342 308 2382 Qui
333 2342 511 2382 scripturas
536 2339 717 2381 inspiravit,

247 2389 318 2422 Hoc
343 2389 483 2422 futurum
510 2388 682 2422 enarravit.

206 2449 226 2472 D
235 2455 303 2473 reve
311 2457 335 2473 s.
352 2448 474 2472 Psalteria
490 2448 646 2477 Rhythmiea.
680 2447 701 2470 1.

850 216 904 248 557.

849 440 904 474 38.

849 666 904 697 39.

847 891 903 922 40.

848 1115 902 1147 41.

844 1338 900 1373 43.

848 1568 902 1599 43.

846 1794 901 1826 44.

847 2018 902 2049 45.

849 2245 903 2276 46.

929 215 1008 258 Ave,
1036 223 1116 256 quae
1140 223 1207 245 cum
1236 214 1391 254 discipulo

933 262 1007 294 Sola
1032 262 1132 294 crucis
1157 262 1301 301 patibulo

929 309 1080 349 Astitisti‚
1107 317 1175 340 cum
1200 311 1371 341 tremerent

932 356 1006 388 Noti
1030 365 1135 388 omnes
1161 359 1193 387 et
1217 355 1370 396 fugerent.

931 441 1009 479 Ave,
1036 442 1124 480 virgo
1150 441 1322 473 Davidieae

930 487 1045 528 Stirpis
1071 491 1103 519 et
1127 491 1226 519 mater
1249 489 1361 520 unicae

930 534 1043 575 Prolis,
1070 544 1159 575 quam
1185 536 1285 574 patris
1310 536 1415 567 unctio

931 581 1076 614 Sacravit,
1100 591 1118 613 a
1142 583 1308 621 principio.

929 665 1009 705 Ave,
1036 674 1131 705 super
1157 675 1248 706 quam
1274 667 1436 706 splenduit

931 712 1097 754 Splendor,
1118 722 1206 752 quem
1227 718 1318 752 pater
1333 715 1449 754 genuit,

932 760 998 791 Tua
1024 759 1155 800 sugebat
1179 760 1277 792 ubera

928 806 973 838 Et
998 807 1155 846 dirigebat
1177 816 1282 848 opera.

928 891 1008 930 Ave,
1035 895 1121 923 cuius
1147 892 1301 923 munditia

928 938 1120 977 Angelorum
1146 940 1289 971 custodia

930 984 1121 1017 Conservata
1144 995 1206 1017 non
1231 986 1335 1017 timuit

929 1031 996 1062 Nec
1020 1032 1176 1072 inquinari
1200 1034 1309 1067 valuit.

927 1117 1005 1154 Ave,
1032 1117 1091 1148 De]
1117 1120 1219 1148 mater
1243 1118 1335 1160 alma,

929 1162 1078 1194 Floruisti
1105 1163 1186 1194 sicut
1209 1165 1315 1203 palma

929 1210 1033 1249 thue
1059 1210 1171 1242 cedrus
1197 1212 1374 1252 excrevist1‚

929 1257 1059 1296 Quando
1086 1257 1244 1289 Christum
1269 1259 1413 1298 genuisti.

928 1342 1007 1381 Ave,
1036 1343 1145 1374 domus
1171 1344 1277 1375 clausa
1302 1352 1381 1383 v1r0‚

927 1388 995 1420 Deo
1021 1395 1133 1428 patens
1159 1391 1251 1423 modo
1277 1391 1367 1429 miro,

927 1436 973 1467 Te
999 1437 1118 1469 dierum
1145 1438 1308 1478 longitudo

927 1483 1028 1515 Decet
1053 1489 1148 1524 atque
1173 1486 1361 1517 sanctitudo.

927 1568 1007 1606 Ave,
1034 1578 1125 1609 quam
1151 1570 1286 1602 eruditio

927 1614 1063 1648 Divinae
1087 1617 1165 1657 legis
1191 1616 1255 1649 filio

929 1661 1169 1696 Commendavit
1194 1673 1271 1703 prae
1296 1665 1438 1697 omnibus

928 1710 1058 1742 Beatam
1083 1712 1276 1745 mulieribus

928 1794 1008 1834 Ave,
1037 1798 1123 1828 cuius
1149 1797 1337 1829 exsultantis

928 1841 972 1873 Et
994 1843 1026 1874 in
1052 1844 1182 1883 psalmis
1205 1844 1368 1877 iubilantis

928 1890 1048 1922 Vocem
1071 1891 1157 1923 Deus
1183 1892 1354 1928 exaudivit.

930 1936 1065 1969 Carnem
1089 1939 1149 1970 sibi
1176 1940 1247 1971 dum
1274 1940 1383 1971 univit.

928 2019 1007 2061 Ave,
1035 2021 1117 2052 diem
1143 2029 1222 2060 quae
1247 2029 1285 2052 ex
1312 2021 1363 2053 die

931 2066 1086 2106 Peperisti
1112 2071 1218 2099 nostro
1246 2069 1307 2110 die,

929 2113 992 2146 Per
1018 2124 1108 2155 quem
1134 2115 1223 2147 nobis
1249 2116 1423 2148 nuntiatum

931 2162 1076 2195 Salutare
1101 2162 1160 2194 Dei
1187 2166 1303 2198 natum.

928 2244 1006 2283 Ave,
1033 2245 1132 2285 virgo,
1158 2244 1236 2275 caeli
1261 2247 1363 2285 porta,

929 2293 979 2325 De
1004 2301 1066 2333 qua
1089 2300 1165 2323 vera
1189 2292 1244 2323 lux
1270 2295 1318 2323 est
1343 2295 1423 2333 orta,

931 2341 992 2371 Per
1016 2348 1108 2380 quam
1135 2339 1217 2379 lapsi
1243 2343 1432 2380 reparantur

929 2387 1021 2420 Recti
1048 2386 1143 2420 corde
1167 2387 1350 2428 gloriantur.

1251 2441 1286 2473 13

1434 2367 1441 2383 2
