1650 2612
703 128 935 163 ,61-

183 220 238 252 11.
266 221 344 261 Ave,
370 222 475 252 lumen
502 221 542 252 de
565 222 694 262 lumine,

265 267 315 298 De
339 269 441 306 patre,
467 268 525 298 sed
549 277 612 298 non
637 269 772 309 homine,

311 313 430 345 Natum
452 316 527 344 ante
551 315 688 356 saecula,

262 359 396 391 Demum
422 360 455 391 in
479 359 543 391 fine
566 362 719 400 temporis

263 407 302 438 In
327 406 430 439 forma
455 407 556 438 nostri
582 408 724 447 corporis

309 453 360 485 De
383 457 485 485 matre
511 454 704 494 virguncula.

182 538 236 571 12.
263 538 343 579 Ave,
370 547 483 570 nomen
508 538 720 578 benedictum,

264 585 355 624 Quod
380 585 488 617 abolet
511 586 713 617 maledictum

310 632 427 665 Primis
452 633 561 665 datum
585 632 740 675 patribus,

264 679 351 711 Illud
375 688 488 710 nomen
513 682 615 711 mutat
639 688 750 721 mores,

262 726 365 758 Ornat
389 734 462 757 suos
487 729 643 758 amatores

310 773 445 813 Optimis
467 773 647 808 virtutibus,

184 858 238 891 13.
265 859 345 897 Ave,
373 858 456 897 Iesu,
482 858 565 889 lator
589 859 677 901 legis,

263 905 322 944 Qui
348 913 486 944 superna
510 907 622 944 potens
647 906 740 946 regis,

312 951 408 983 Salva
432 961 489 984 nos
515 961 534 984 a
558 952 713 986 barbaris,

263 998 357 1030 Educ
381 1008 438 1031 nos
466 1000 506 1031 de
530 1000 667 1038 miseria,

263 1045 330 1083 Qua
354 1048 508 1085 tenemur,
536 1049 567 1077 et
592 1047 684 1086 copia

310 1093 371 1124 Tui
397 1093 487 1132 reple
509 1094 657 1126 nectaris,

181 1178 236 1209 14.
262 1177 343 1216 Ave,
369 1176 470 1208 bonus
496 1176 664 1215 Samarita‚

259 1223 374 1255 Mundi
401 1226 516 1261 custos,
542 1224 651 1256 mundi
676 1224 751 1263 vita,

306 1270 421 1302 Mundi
446 1271 620 1312 reparatio,

261 1318 330 1350 Fac
355 1318 507 1356 parvulos
532 1318 600 1349 sine
626 1318 698 1350 dolo

261 1364 329 1396 Nos
356 1365 506 1405 degentes
530 1365 563 1396 in
589 1365 650 1397 hoc
673 1366 741 1397 solo

310 1411 426 1444 Gratos
451 1414 506 1444 tuo
531 1412 623 1445 solio.

182 1498 238 1530 15.
265 1498 344 1537 Ave,
371 1497 424 1537 qui
451 1497 564 1536 culpae
588 1497 708 1528 silicem

263 1546 327 1577 Per
352 1544 510 1584 passionis
537 1544 666 1576 calicem

310 1592 364 1623 Ad
388 1591 521 1623 nihilum
545 1592 676 1631 redigis,

262 1639 332 1678 Ego
357 1638 495 1670 mendax
521 1640 553 1669 et
575 1639 702 1678 impius,

264 1686 328 1719 Sed
354 1687 389 1716 tu
413 1693 512 1717 verax
538 1687 570 1716 et
595 1686 706 1727 serius,

311 1732 455 1776 Corrige,
483 1741 563 1772 quae
591 1733 706 1774 diligis.

187 1818 242 1852 16.
268 1819 349 1859 Ave,
378 1818 491 1859 dignus
516 1818 601 1850 omni
625 1818 729 1862 laude,

266 1866 368 1904 Mitis,
396 1866 533 1897 clemens
559 1866 627 1897 sine
654 1864 777 1907 fraude,

317 1913 377 1952 Qui
403 1912 507 1945 fracta
532 1913 722 1952 consolidas,

265 1962 333 1994 Nos
360 1961 505 1993 caelestis
532 1961 677 1993 custodia

268 2008 430 2049 Protegat,
455 2017 497 2039 ne
520 2008 638 2040 inertia

312 2055 439 2088 Mentes
464 2056 582 2088 reddat
606 2056 763 2091 sordidas.

182 2151 239 2184 17.
266 2151 345 2194 Ave,
372 2150 456 2192 Iesu,
482 2150 564 2192 lapis
590 2149 694 2190 fortis,

260 2198 320 2239 Qui
346 2198 484 2230 conteris
506 2200 617 2239 portas
641 2198 752 2230 mortis

310 2245 355 2278 Et
377 2245 498 2286 magias
524 2245 670 2288 Simonis,

262 2294 334 2325 Hoc
358 2293 469 2333 lapide
493 2293 676 2333 liberamur,

261 2341 321 2380 Qui
339 2340 484 2374 Christus
503 2343 561 2380 est,
585 2343 617 2372 et
633 2349 793 2373 armamur

309 2388 428 2420 Contra
452 2388 536 2420 vires
564 2388 737 2421 daemonis.

861 222 915 255 18.
941 223 1021 259 Ave,
1048 222 1101 261 qui
1126 230 1182 252 rex
1204 223 1349 265 omnium,

941 267 1032 300 Finis
1058 276 1091 299 es
1117 270 1149 299 et
1172 269 1373 311 principium,

989 315 1107 346 Divina
1130 315 1316 356 substantia,

941 362 1000 400 Qui
1025 364 1179 400 quaerunt
1201 364 1243 403 te,
1269 362 1439 403 benedicti,

938 408 968 439 E
993 408 1118 439 diverso
1143 409 1313 450 maledicti,

989 455 1049 493 Qui
1073 457 1234 487 sectantur
1258 456 1362 489 noxia.

860 539 915 571 19.
941 539 1022 580 Ave,
1047 548 1106 578 per
1129 548 1220 579 quem
1246 540 1406 582 erigimur,

942 586 1004 617 Per
1029 595 1121 625 quem
1146 589 1264 618 stantes
1290 588 1441 626 eripimur

990 632 1159 665 Gehennae
1183 634 1339 673 incendio,

943 679 1087 713 Carbone
1110 680 1212 712 sancti
1236 681 1367 720 spiritus

941 727 1091 759 Accende
1115 736 1171 758 nos
1199 727 1347 759 divinitus

988 774 1132 814 Purgans
1157 783 1213 805 nos
1238 784 1257 806 a
1282 774 1368 807 vitio.

859 860 914 891 20.
942 859 1019 896 Ave,
1046 859 1128 900 Iesu,
1155 859 1208 898 qui
1232 868 1294 890 non
1321 859 1448 898 dormis,

941 905 1033 937 Licet
1056 905 1147 937 nobis
1172 906 1215 936 sis
1242 904 1411 937 conformis

988 953 1052 984 Pro
1077 953 1179 984 salute
1204 953 1314 992 1srael,

941 999 1092 1031 Nostrum
1117 1002 1223 1031 servet
1246 999 1420 1041 introitum,

941 1047 1158 1079 Praestole‘tur
1183 1049 1215 1077 et
1239 1046 1357 1077 exitum

987 1093 1106 1124 Missus
1131 1102 1150 1124 a
1174 1096 1206 1123 te
1229 1093 1378 1126 Michael.

859 1179 914 1210 21.
941 1179 1021 1219 Ave,
1047 1187 1111 1218 pax
1136 1176 1331 1216 indeficiens,

940 1225 1062 1266 Turris,
1087 1225 1139 1263 qui
1162 1227 1232 1256 tuos
1257 1225 1399 1256 muniens

990 1272 1109 1305 Contra
1132 1271 1235 1303 carnis
1261 1272 1348 1312 vitia,

943 1318 1034 1350 Hanc
1060 1318 1101 1350 da
1124 1318 1215 1350 nobis
1240 1319 1308 1350 sine
1333 1328 1430 1358 mora,

943 1366 989 1398 Ut
1012 1365 1158 1406 proxima
1181 1366 1291 1397 mortis
1316 1366 1394 1398 hora

993 1413 1042 1444 Sis
1067 1412 1206 1444 muneris
1231 1413 1342 1452 gloria.

863 1500 919 1531 22.
944 1498 1023 1535 Ave,
1050 1497 1106 1541 qui
1131 1498 1234 1528 caelos
1259 1497 1395 1541 habitas,

944 1545 1082 1576 Humilis
1108 1547 1141 1575 et
1161 1544 1322 1576 humilitas

991 1592 1036 1624 Et
1060 1592 1212 1623 virtutum
1237 1591 1381 1635 Domine,

946 1639 998 1670 Ad
1023 1642 1056 1670 te
1077 1639 1218 1671 levamus
1244 1639 1350 1670 oculos

945 1685 1089 1725 Hymnos
1113 1686 1276 1717 reddimus
1300 1686 1439 1726 sedulos,

993 1733 1037 1765 Ut
1062 1733 1196 1764 ancillae
1222 1733 1376 1765 dominae.

865 1820 921 1853 23.
947 1818 1029 1856 Ave,
1054 1818 1136 1856 lesu,
1166 1826 1223 1850 nos
1248 1817 1378 1849 intende

947 1865 1063 1897 Nostro
1090 1873 1197 1896 curam
1221 1867 1253 1896 et
1275 1864 1425 1904 impende

992 1911 1186 1944 Medicando
1211 1912 1344 1953 vulneri,

947 1960 996 1992 Tu
1020 1960 1148 1999 laqueos
1172 1958 1355 1991 mortiferos

945 2007 1148 2047 Evasistique
1172 2005 1292 2038 inferos

996 2055 1203 2094 Comparatus
1228 2054 1361 2094 passeri.

864 2152 919 2185 24.
944 2151 1024 2193 Ave,
1050 2150 1135 2191 Iesu,
1163 2149 1338 2189 corripiens

950 2198 1054 2241 Virga,
1082 2195 1238 2228 nefandos
1263 2197 1407 2239 puniens,

993 2245 1077 2277 Iram
1103 2245 1179 2276 seda
1204 2244 1327 2284 populi,

947 2292 997 2324 Ne
1020 2292 1181 2332 relinquas
1205 2293 1406 2332 peccatorum

946 2340 1076 2380 Virgam
1101 2348 1198 2379 super
1214 2342 1333 2372 sortem
1350 2337 1473 2378 horum,

994 2387 1053 2429 Qui
1077 2387 1124 2418 tui
1148 2389 1222 2418 sunt
1245 2385 1367 2419 famuli.
