1650 2612
499 637 549 668 VI.
586 638 774 669 Psnlterium
795 639 832 669 de
856 640 886 669 D.
906 640 937 670 N.
957 640 1027 671 Iesu
1048 640 1168 672 Christo

536 711 664 745 auctore
687 708 881 748 Engelberto
906 709 1124 741 Admontensi.

594 793 734 825 Prima
758 794 1070 833 Quinquagena.

195 867 225 900 1.
252 872 323 898 Ave
348 868 429 908 Iesu,
459 867 531 898 Iesu
557 877 624 908 ave,

256 914 376 946 Lumen
403 914 519 953 vivum,
546 915 650 946 lumen
676 924 782 955 suave,

302 962 444 993 Luminis
468 962 627 1004 meridies⁷

256 1008 324 1046 Quo
349 1009 382 1040 in
407 1008 479 1039 luce
504 1017 559 1039 sex
587 1008 707 1039 dierum

255 1055 318 1086 Res
343 1054 499 1095 informis,
525 1055 600 1093 hyle
624 1064 741 1096 rerum,

303 1101 430 1134 Prodiit
452 1101 485 1132 in
509 1102 641 1140 species,

192 1187 223 1218 2.
249 1187 332 1228 Ave,
359 1187 442 1226 Iesu,
469 1186 523 1216 lux
549 1195 670 1225 serena,

251 1232 379 1264 Summe
403 1231 514 1271 boum,
542 1242 662 1264 summe
687 1234 793 1273 plena,

299 1277 451 1312 Veritatis
479 1280 653 1320 speculum,

250 1327 299 1358 Tu
323 1328 438 1367 image,
465 1329 499 1357 tu
526 1325 637 1369 figura,

250 1375 340 1408 Patri
365 1382 462 1405 unum
487 1373 520 1404 in
547 1377 672 1414 natura,

299 1421 366 1460 Quo
392 1420 539 1452 subsistit
565 1422 736 1453 saeculum.

190 1507 220 1539 3.
247 1506 327 1546 Ave,
354 1507 436 1547 Iesu,
464 1507 497 1536 tu
524 1505 706 1545 plasmasti,

247 1553 298 1584 Tu
321 1553 371 1584 bis
398 1552 488 1583 binas
516 1553 693 1584 concreasti

300 1600 472 1632 Greaturas
499 1599 655 1643 primitus,

250 1646 362 1688 Ignem
390 1646 481 1685 caeli,
508 1649 641 1686 tempus,
668 1647 752 1687 hyle,

252 1693 328 1725 Sine
356 1692 459 1725 forma
486 1693 644 1732 quoddam
669 1694 742 1735 vile,

297 1741 494 1781 Angelorum
520 1740 661 1779 spuitus.

188 1828 222 1860 4.
248 1827 328 1867 Ave,
358 1827 440 1868 Iesu,
469 1824 573 1857 factor
596 1826 715 1866 mundi,

249 1875 313 1907 Per
340 1877 372 1905 te
398 1873 498 1905 solum
525 1875 614 1904 tanta
638 1871 730 1905 fundi

297 1922 409 1953 Massa
433 1928 539 1951 rerum
563 1920 676 1960 potuit,

249 1968 486 2009 Distinguenda
510 1976 567 1999 sex
593 1968 718 2008 diebus,

249 2016 394 2049 Ideanda
418 2015 595 2056 speciebus,

294 2065 341 2098 Ut
365 2071 480 2095 revera
506 2063 623 2096 decuit.

194 2161 224 2193 5.
252 2159 333 2204 uve,
360 2159 443 2196 Iesu,
468 2157 530 2189 Dei
553 2157 694 2198 verbum,

252 2207 301 2238 Tu
326 2205 491 2246 rebellem,
518 2207 552 2237 tu
575 2205 744 2245 superbum

301 2252 454 2286 Deiecisti
479 2252 602 2293 merito⁷

256 2301 452 2333 corruerunt
474 2300 546 2340 pari
571 2302 657 2332 sorte

254 2348 292 2380 In
320 2351 450 2380 aeterna
473 2347 554 2380 trusi
576 2350 678 2379 morte

302 2395 525 2428 Adhaerentes
547 2395 687 2436 perdito.

878 871 908 903 6.
934 870 1015 911 Ave,
1040 870 1122 906 Iesu,
1149 877 1205 900 rex
1233 870 1386 908 caelestis,

865 2159 919 2191 10.

937 917 1035 955 Quem
1062 916 1218 947 caelorum
1242 916 1299 947 illa
1323 916 1423 955 pestis

983 963 1070 994 Malo
1095 963 1217 1001 sprevit.
1240 963 1353 1002 omine,

935 1010 993 1049 Qui
1020 1010 1093 1041 dum
1119 1010 1201 1048 petit
1225 1009 1410 1049 aquilonem,

938 1057 1031 1087 Lucis
1057 1056 1164 1095 perdit
1187 1056 1365 1096 regionem3

983 1103 1036 1135 Sic
1062 1102 1202 1141 decebat,
1230 1102 1373 1136 Domine.

903 1212 909 1218 .
936 1188 1015 1228 Ave,
1043 1188 1124 1227 Iesu,
1151 1194 1217 1228 ave,
1246 1187 1380 1227 Christe,

934 1234 989 1265 Fit
1012 1235 1149 1265 mutatus
1175 1232 1297 1272 Seraph
1321 1234 1391 1272 ist«,

983 1281 1095 1313 Perdit
1119 1280 1316 1319 sapientiam,

935 1328 1018 1359 Dum
1042 1327 1078 1359 fit
1102 1327 1198 1358 miser
1223 1335 1261 1359 ex
1289 1327 1392 1366 beato,

935 1373 1116 1413 Voluntate,
1144 1383 1205 1405 non
1232 1383 1270 1405 ex
1295 1373 1361 1405 fato

984 1422 1100 1453 Versus
1125 1421 1165 1452 ad
1191 1422 1354 1453 malitiam.

934 1507 1013 1547 Ave,
1039 1507 1121 1543 Iesu,
1147 1505 1193 1537 sic
1218 1506 1362 1537 nimirum

935 1553 1113 1585 vindicasti
1136 1553 1238 1584 scelus
1262 1553 1376 1590 dirum,

982 1602 1068 1632 Iusto
1091 1599 1164 1631 dum
1188 1600 1306 1632 iudicio

934 1648 1105 1680 Petitorem
1131 1647 1187 1678 alti
1212 1647 1327 1689 throni,

936 1695 1191 1734 Contemptorem
1216 1695 1327 1725 summi
1353 1694 1428 1726 boni

983 1741 1145 1774 Subvertit
1170 1741 1301 1773 aversio.

933 1827 1014 1867 Ave,
1040 1827 1122 1865 Iesu,
1149 1834 1262 1865 magne
1282 1826 1379 1869 Deus,

935 1874 1013 1907 Gum
1038 1872 1158 1905 ruendo
1182 1872 1244 1903 iste
1267 1882 1341 1905 reus

981 1921 1032 1953 Ad
1060 1921 1115 1952 has
1139 1920 1268 1951 umbras
1293 1921 1430 1962 transiit,

933 1969 1146 2000 Terrenorum
1170 1976 1252 1999 nova
1275 1971 1368 2008 gente

934 2016 989 2057 Te,
1016 2017 1150 2055 creator,
1178 2016 1366 2055 disponente

982 2063 1089 2096 Genus
1113 2065 1256 2095 nostrum
1281 2063 1411 2102 prodiit.

934 2158 1014 2198 Ave,
1042 2158 1125 2197 Iesu,
1152 2157 1235 2188 sicut,
1257 2157 1349 2196 nosti,

934 2205 987 2237 Sic
1012 2206 1134 2237 deiecto
1165 2205 1258 2236 datur
1281 2204 1365 2236 hosti

980 2252 1168 2284 Fomentum
1192 2252 1341 2295 invidiae,

934 2301 1014 2333 Dum
1044 2301 1083 2332 de
1108 2299 1182 2331 limo
1207 2303 1391 2339 procreatos

934 2348 1001 2380 Scit
1025 2347 1147 2381 futuros
1170 2350 1201 2378 et
1225 2347 1333 2379 beatos

979 2396 1173 2436 Angelorum
1199 2394 1328 2435 gloriae.
