1650 2612
186 1041 239 1074 10.

184 1447 238 1480 11.

182 1859 237 1890 12.

178 2268 232 2300 13.

696 138 950 172 -249—

236 252 242 259 .
268 228 348 269 Ave,
376 229 463 261 cuius
487 230 585 263 filium

318 276 448 315 capiunt
474 277 585 319 dolosi,

269 322 311 354 Os
337 332 426 354 suum
451 326 597 364 aperiunt

317 370 445 409 quidam
471 374 621 405 venenosi

270 415 450 457 Bibuntque
476 419 516 450 de
540 421 638 451 calice

319 463 438 495 Christi
463 468 608 505 generosi

270 510 313 541 Et
338 509 418 542 fiunt
443 521 502 551 per
526 515 661 553 amplius

319 558 413 597 digne
437 561 608 593 tenebrosi.

235 657 243 665 .
267 633 350 673 Ave,
378 635 465 665 cuius
490 634 556 667 filio

316 680 403 712 Deus
428 685 521 721 pater
547 683 646 715 dixit:

268 727 406 771 Mecum,
432 728 489 771 fili,
515 730 637 770 sedeas,

314 779 409 815 teque
433 776 606 816 benedixit,

267 822 327 861 Qui
351 826 469 854 terram
494 824 527 855 in
553 832 649 864 opere

314 874 422 902 nostro
448 871 623 912 maledixit,

266 916 369 948 Huius
393 918 502 949 mundi
529 918 663 958 gloriam

313 965 405 996 nobis
430 965 608 998 interdixit.

266 1042 346 1080 Ave,
375 1041 463 1072 cuius
488 1041 572 1073 filius

313 1089 404 1127 panis
431 1092 480 1121 est
502 1089 666 1132 iustorum,

264 1135 350 1167 Esca
373 1136 569 1176 suavissima,

312 1192 428 1214 manna
451 1183 608 1215 viatorum

266 1230 413 1270 Miraque
436 1229 568 1262 refectio

312 1281 424 1309 sancta
448 1277 649 1318 bellatorum,

266 1325 356 1365 Ipsos
380 1325 510 1357 tandem
534 1325 658 1356 socians

313 1373 419 1404 choris
445 1373 637 1412 angelorum.

265 1448 347 1489 Ave,
373 1448 468 1479 stella
491 1449 621 1480 radians

313 1495 427 1526 miram
452 1496 640 1532 claritatem,

265 1543 352 1581 Quae
376 1543 434 1574 sub
461 1543 528 1574 sole
552 1544 686 1583 protulit

310 1590 372 1621 Dei
393 1591 601 1631 maiestatem,

267 1637 393 1670 Circum
419 1638 498 1669 caeli
522 1638 636 1669 circuis

312 1686 353 1717 ad
378 1685 548 1717 utilitatem

264 1733 422 1771 Omnium,
451 1734 503 1772 qui
528 1733 678 1764 invocant

311 1783 398 1812 tuam
423 1781 585 1820 pietatem.

262 1859 345 1897 Ave,
372 1861 474 1888 mater
497 1857 588 1896 pueri

310 1908 342 1936 et
365 1902 424 1936 flos
448 1905 595 1947 liliorum,

265 1954 361 1992 Quem
390 1960 460 1983 cum
484 1952 616 1991 psalmis
640 1952 731 1991 pueri

308 2000 441 2031 laudent:
465 1999 693 2042 Hebraeorum,

262 2047 407 2088 Sanctus,
433 2049 561 2078 sanctus
588 2047 727 2077 canimus

307 2094 439 2127 vocibus
465 2103 573 2125 eorum

260 2143 481 2182 Adiungentes
506 2141 669 2184 Hosanna,

309 2190 395 2222 salus
421 2189 628 2221 excelsorum.

258 2267 339 2309 Ave,
366 2266 456 2306 virgo
482 2266 584 2297 Israel

306 2314 452 2353 aperiens
475 2314 668 2354 Aegyptum,

259 2361 395 2393 Portans
420 2370 527 2401 regem
550 2361 671 2401 gloriae

308 2417 428 2449 verum,
454 2411 559 2442 Iesum
586 2408 756 2449 Christum,

867 451 920 484 14.

868 855 920 886 15.

865 1259 917 1291 16.

863 1667 916 1699 17.

861 2076 914 2108 18.

949 234 1035 267 Caeli
1058 239 1179 267 montes
1203 236 1346 279 iubilant,

996 286 1098 314 cessat
1120 284 1331 325 interdictum,

949 328 1001 360 Sic
1023 330 1056 360 in
1081 331 1150 370 lege
1173 330 1300 362 Domini

995 376 1069 407 olim
1096 380 1143 409 est
1166 377 1372 418 praedictum.

946 452 1023 493 Ave,
1051 451 1112 483 Dei
1137 452 1238 492 gloria

993 507 1112 529 summe
1138 499 1298 539 diligenda

945 545 989 576 Et
1014 554 1032 576 a
1056 546 1275 584 peccatoribus

993 600 1118 631 semper
1141 593 1327 634 invocanda,

946 638 992 671 Ut
1016 647 1084 670 cum
1109 640 1236 671 tandem
1260 641 1382 672 venerit

991 686 1069 717 hora
1092 688 1269 727 metuenda,

945 732 1129 764 Transferat
1156 734 1197 765 ad
1222 734 1336 773 gaudia

990 788 1147 819 nunquam
1172 781 1378 813 terminanda.

944 855 1024 895 Ave,
1050 855 1111 886 Dei
1136 857 1288 895 genetrix,

992 903 1024 933 in
1050 911 1211 934 excessum
1235 904 1348 935 mentis

947 948 984 980 Vi
1010 950 1126 980 amoris
1151 950 1282 989 spiritus

993 1000 1087 1035 rapta
1110 997 1312 1039 vehementis,

945 1043 995 1074 Da
1019 1043 1109 1074 nobis
1133 1043 1313 1075 incendium

991 1088 1136 1122 flammae
1159 1094 1223 1121 tam
1248 1090 1411 1131 ferventis,

945 1137 1012 1175 Quo
1034 1140 1220 1177 rumpantur
1243 1138 1368 1169 vincula

992 1185 1133 1223 corporis
1158 1185 1303 1219 viventis,

944 1260 1023 1297 Ave,
1050 1259 1110 1290 Dei
1136 1264 1278 1299 genetrix

993 1307 1067 1338 olim
1091 1307 1253 1346 tribulata,

944 1353 981 1385 In
1004 1354 1095 1385 ruina
1120 1355 1259 1393 gentium

991 1399 1071 1432 felix
1094 1401 1260 1442 advocata,

945 1447 1001 1479 Sta
1025 1457 1083 1487 pro
1106 1449 1206 1491 nobis,
1234 1458 1430 1489 quaesumus,

991 1496 1106 1527 totiens
1131 1498 1252 1538 vocata,

946 1542 988 1575 Ut
1014 1546 1088 1582 post
1110 1546 1242 1575 mortem
1269 1544 1373 1576 anima

992 1591 1078 1621 vivat
1101 1591 1272 1624 consolata.

943 1666 1022 1709 Ave,
1049 1667 1111 1698 Dei
1135 1668 1288 1708 genetrix,

992 1714 1041 1744 cui
1066 1717 1236 1754 patuerunt

942 1761 1059 1792 Portae
1084 1762 1163 1792 caeli
1186 1762 1374 1801 splendidae

992 1813 1084 1848 teque
1108 1812 1324 1849 susceperunt,

945 1855 1005 1886 Tui
1030 1856 1131 1887 sancti
1155 1857 1289 1896 gemitus

992 1912 1098 1934 omnes
1121 1903 1323 1946 transierunt,

942 1951 987 1983 Et
1010 1953 1137 1982 aeterna
1163 1951 1277 1990 gaudia

989 1998 1047 2030 tibi
1072 2001 1300 2031 successerunt.

940 2076 1020 2115 Ave,
1047 2073 1126 2106 felix
1152 2075 1286 2117 domina,

990 2122 1092 2154 sancti
1115 2122 1167 2161 qui
1192 2125 1373 2156 scrutantur

941 2170 1010 2201 Tua
1034 2172 1145 2201 sancta
1168 2170 1274 2201 studia

989 2218 1098 2257 sicque
1122 2217 1306 2257 gloriantur,

943 2265 980 2296 In
1004 2265 1145 2304 peccatis
1170 2265 1312 2296 omnibus

990 2313 1073 2352 quod
1098 2321 1162 2343 non
1185 2315 1375 2352 superantur

941 2360 986 2391 Et
1009 2363 1081 2399 post
1107 2360 1186 2392 dura
1209 2360 1332 2399 proelia

990 2416 1048 2447 per
1072 2413 1104 2439 te
1130 2411 1329 2439 coronantur.
