1650 2612
180 206 211 238 9.

160 610 214 643 10.

161 1014 215 1048 11.

161 1420 214 1451 12.

159 1825 214 1857 13.

159 2231 213 2266 14.

675 111 909 147 —27,.

238 204 348 239 Crucis
370 204 532 237 beneficiis

287 254 387 284 totum
409 256 443 284 te
466 252 602 293 involve,

240 300 316 342 Ima,
341 308 471 341 summa,
498 299 604 331 media

284 355 344 387 pro
369 354 463 387 posse
488 346 626 387 revolve,

240 393 401 426 Venerare
422 393 557 433 singula,

286 441 393 473 oculos
420 441 542 472 resolve

239 488 277 520 In
305 488 435 520 devotas
459 488 618 527 lacrimas,

287 535 406 575 gratias
430 535 587 574 persolve.

240 610 352 642 Reduc
374 610 408 641 in
432 609 613 641 memoriam

291 658 396 689 Iesum
420 657 638 697 proeliantem,

243 704 359 736 Hostes
384 711 459 735 suae
485 703 587 742 clipeo

287 750 389 782 crucis
415 751 658 792 expugnantem,

242 797 341 830 Gestu
366 797 415 829 sui
439 796 580 837 corporis

289 845 372 876 hunc
396 844 662 884 tympanizantem

242 891 344 924 Cerne
369 890 471 923 carnis
498 890 628 930 cithara,

290 938 366 971 vitia
391 937 561 980 fugantem.

243 1015 380 1053 Superat
403 1013 584 1053 superbiam

289 1063 384 1099 caput
407 1060 600 1100 inclinando,

240 1107 398 1148 Livorem,
426 1115 495 1138 cum
522 1106 653 1138 brachia

288 1155 394 1185 hostes
420 1153 628 1192 amplexando

239 1201 416 1241 Expandit,
443 1201 601 1240 cupiditas

288 1247 365 1287 fuga
385 1247 480 1287 perit,
506 1247 632 1287 quando

239 1294 406 1333 Dextram,
433 1294 553 1326 laevam
580 1293 716 1334 porrigit

285 1351 320 1373 se
345 1344 377 1373 et
400 1350 457 1373 sua
478 1340 594 1374 dando.

239 1418 294 1449 Ad
319 1418 447 1457 probra,
473 1417 686 1457 blasphemias

288 1472 322 1497 os
349 1464 479 1504 claudit,
507 1465 554 1496 sic
577 1464 644 1495 irae

240 1512 391 1552 Imperat,
417 1511 576 1544 accelerat

286 1559 364 1599 pati,
391 1559 437 1591 sic
461 1558 549 1590 abire

240 1606 412 1646 Compellit
435 1606 589 1647 acediam,

285 1652 412 1693 flagella
437 1653 544 1684 subire

240 1700 376 1740 Gaudet,
407 1710 447 1732 ne
470 1699 597 1732 luxuria

287 1748 393 1781 valeat
416 1747 550 1782 saevire,

241 1825 304 1857 Per
328 1823 573 1855 amaritudinem

286 1871 369 1903 aceti
394 1874 427 1902 et
455 1869 540 1902 fellis

240 1919 345 1958 Fugas
371 1918 463 1958 gulae
482 1918 604 1959 vitium,

288 1965 373 2007 Iesu,
398 1965 452 2005 qui
476 1965 523 1997 sic
546 1965 641 2005 pellis

242 2012 360 2045 Hostes
382 2012 621 2055 propugnaculo

289 2060 390 2092 crucis
417 2062 449 2092 ct
476 2060 532 2092 das
558 2059 651 2092 bellis

241 2107 364 2148 Finem,
386 2111 440 2140 tua
464 2108 570 2147 passio

285 2155 362 2187 mihi
389 2154 480 2189 favus
505 2154 620 2186 mellis.

240 2231 341 2264 Tuam
367 2239 491 2264 crucem
517 2230 643 2270 corpori

285 2282 340 2311 tuo
366 2281 557 2320 coaptatam,

237 2326 393 2359 Membris
417 2326 481 2359 tuis
506 2325 606 2359 veluti
633 2348 639 2354 .

285 2375 418 2417 gemmis
442 2374 629 2408 adornatam

836 424 890 457 15.

836 826 888 860 16.

838 1229 888 1261 17.

837 1635 891 1667 18.

839 2040 892 2074 19.

917 206 1113 249 Rubicundo,
1142 206 1277 238 candido

960 252 1038 286 flore
1062 253 1261 293 picturatam,

914 300 996 333 Mihi
1020 308 1078 340 pro
1105 299 1227 332 deliciis

963 347 1083 387 gaudeo
1109 346 1267 381 collatam,

916 424 1041 464 Anima,
1068 422 1213 462 apiculae

964 470 1167 511 apprehende
1192 478 1304 511 mores,

916 517 1050 556 Campos
1073 517 1173 548 intrat
1194 514 1336 555 floridos,

962 564 1084 595 accedit
1109 564 1150 595 ad
1175 561 1269 594 flores

915 611 1108 649 Florumque
1132 609 1288 642 foramina

962 660 1131 697 scrutatur,
1158 665 1287 695 sapores

917 704 1070 736 discernit
1095 707 1127 734 et
1151 704 1290 735 extrahit

961 759 1070 782 succos
1095 749 1254 783 meliores.

916 825 965 856 Tu
989 834 1112 864 quoque
1137 824 1188 856 fac
1212 824 1324 862 simile,

962 872 1045 904 omni
1070 872 1227 903 suavitate

919 919 1014 951 Plena
1039 919 1157 951 Christi
1182 919 1296 957 passio.

961 969 1028 998 tota
1053 966 1185 997 caritate

916 1013 1096 1055 Redundat,
1124 1021 1186 1044 non
1211 1012 1291 1043 alius

960 1058 1018 1091 flos
1044 1061 1212 1098 quaeratur
1238 1068 1256 1090 a
1280 1061 1320 1096 te,

915 1105 1008 1139 Hunc
1031 1104 1141 1138 florem
1165 1106 1193 1136 si
1217 1106 1332 1137 suxeris

965 1154 1051 1185 vives
1078 1153 1221 1184 delicate.

915 1227 998 1267 Suge
1023 1237 1107 1267 ergo,
1134 1228 1248 1270 anima,

963 1284 1047 1315 suge,
1074 1275 1147 1314 quia
1172 1274 1237 1305 vita

914 1321 974 1354 Est
995 1323 1028 1353 in
1055 1321 1172 1353 Christi
1197 1329 1356 1364 sanguine,

962 1371 1018 1400 tua
1040 1368 1105 1399 sint
1130 1368 1258 1400 condita

917 1415 987 1448 Hoc
1011 1417 1133 1455 liquore
1159 1413 1290 1454 fercula,

964 1463 1024 1494 huc
1047 1465 1117 1494 tuos
1141 1462 1242 1494 invita

918 1509 1070 1550 Affectus,
1097 1519 1132 1541 os
1157 1510 1285 1549 applica

964 1555 1034 1589 flori
1060 1560 1092 1588 et
1118 1557 1170 1589 dic
1192 1557 1253 1588 ita:

918 1634 997 1673 Ave,
1022 1633 1080 1665 flos
1107 1634 1147 1665 de
1172 1632 1340 1671 Nazareth,

964 1679 1022 1712 fios
1047 1679 1240 1722 refectionis,

917 1728 957 1761 In
980 1731 1013 1759 te
1037 1729 1125 1760 locus
1149 1736 1287 1768 pascuae

965 1773 1085 1815 angelis
1111 1778 1143 1806 et
1166 1774 1298 1814 thronis,

917 1821 1018 1854 Melle
1040 1830 1090 1853 me
1114 1821 1238 1853 reficias

967 1868 1208 1909 Consolationis,

920 1914 953 1947 Si
979 1925 1088 1956 sugam
1113 1914 1268 1947 foramina

965 1967 1040 1995 tuae
1060 1963 1228 2003 passionis.

920 2039 981 2072 Pro
1007 2038 1069 2071 tuis
1095 2038 1277 2071 vulneribus

966 2087 1074 2126 placet
1097 2089 1290 2119 commutare

919 2133 1043 2174 Mundi,
1071 2135 1175 2166 carnis
1199 2133 1308 2173 ubera,

967 2182 1080 2221 quibus
1105 2190 1156 2212 me
1179 2181 1301 2212 lactare

922 2228 1159 2261 Consueverunt
1186 2228 1365 2271 daemones,

969 2276 1117 2309 convenit
1140 2284 1247 2308 amare

919 2324 982 2357 Illa
1005 2327 1039 2355 et
1062 2324 1189 2364 eligere,

967 2371 1031 2404 ista
1056 2372 1238 2411 reprobare.
