1650 2612
186 230 242 264 37.

186 551 243 583 38.

186 873 241 905 39.

184 1191 239 1222 40.

185 1511 242 1543 41.

185 1832 242 1864 42.

188 2164 244 2196 43.

691 134 944 173 -133—

269 231 350 272 Ave,
376 239 458 274 rosa,
484 241 567 264 nunc
589 233 755 276 honorant,

267 277 360 310 Nunc
383 280 415 310 te
439 280 572 311 laudant
593 284 625 312 et
642 280 794 313 decorant

312 325 508 365 Angelorum
532 328 657 366 agmina

267 371 475 405 concinentes
500 374 569 404 sine
592 373 664 416 fine,

268 417 419 451 Caritatis
444 421 633 460 seraphinae

315 466 388 498 Tibi
413 469 528 499 sonant
552 469 702 500 carmina.

268 551 348 592 Ave,
376 561 459 593 rosa,
484 552 569 584 laeta
593 553 693 594 prole,

267 597 404 631 Deitatis
430 600 516 631 clara
541 600 617 642 sole,

315 646 408 678 Luna
432 646 540 678 subest
563 646 709 687 pedibus,

270 691 372 733 Caput
397 702 521 725 sacrum
545 693 726 736 honoratur,

270 739 354 771 Dum
379 740 428 772 bis
454 740 538 771 senis
565 742 732 772 coronatur

316 786 423 826 Igneis
448 786 616 819 sideribus.

267 871 348 913 Ave,
375 880 457 914 rosa,
485 874 682 903 terrenarum

267 918 457 951 Phantasias
482 918 545 949 iam
571 927 715 950 curarum

317 965 486 997 Detersisti
510 965 646 1007 nubilas,

269 1011 311 1044 Et
337 1011 450 1043 affecta
473 1012 506 1042 vi
530 1012 645 1043 amoris

266 1058 305 1091 In
331 1062 462 1098 aspectu
487 1059 660 1090 conditoris

311 1105 351 1137 in
376 1108 538 1138 aeternum
560 1105 687 1138 iubilaS.

267 1191 347 1229 Ave,
374 1198 457 1229 rosa,
483 1187 607 1228 fulgens
632 1197 697 1228 ore,

267 1236 416 1275 Moysino
440 1244 519 1276 prae
544 1235 667 1276 fulgore

314 1283 425 1323 Longe
447 1283 643 1323 luminosior,

267 1330 321 1363 Sol
346 1331 481 1362 lucescit
505 1332 540 1360 ut
563 1340 641 1370 prae
665 1330 777 1368 stellis,

267 1378 321 1410 Sic
345 1381 389 1419 tu,
415 1386 496 1416 rosa,
522 1386 600 1416 prae
625 1377 739 1417 puellis

313 1424 400 1456 Luce
424 1424 605 1464 speciosior.

269 1511 348 1552 Ave,
378 1518 459 1550 rosa,
485 1518 558 1549 spes
584 1510 755 1550 lugentum,

267 1556 350 1589 Mihi
375 1558 402 1587 si
427 1557 492 1587 sint
512 1556 638 1596 linguae
656 1558 791 1596 centum,

317 1603 351 1635 Si
377 1602 531 1635 facundus
554 1602 654 1643 fuero,

270 1650 360 1683 Nihil
385 1654 491 1682 tamen
513 1650 573 1681 tibi
599 1650 704 1690 digne,

272 1697 363 1730 Nihil
387 1697 446 1729 tibi
472 1698 632 1737 coinsigne

317 1744 498 1776 Decantare
521 1748 643 1783 potero.

268 1832 348 1872 Ave,
375 1839 460 1872 rosa,
483 1829 618 1869 intuere,

269 1877 346 1918 Mei,
373 1880 484 1916 mater,
508 1876 669 1920 miserere,

318 1925 435 1965 Mater,
461 1927 564 1956 mater
588 1924 719 1964 gratiae,

269 1972 376 2005 Mater
402 1973 549 2013 0101110113,
575 1975 677 2004 mater
700 1971 764 2011 pia,

267 2019 375 2053 Mater
401 2019 513 2062 dulciS,
540 2028 558 2051 o
582 2019 698 2059 Maria,

316 2067 411 2100 Dona
433 2068 538 2099 locum
561 2066 682 2099 veniae.

270 2164 351 2205 Ave,
378 2172 452 2194 rosa
475 2170 587 2194 manus
613 2162 726 2204 clarae,

269 2210 370 2250 Lava,
397 2213 495 2253 terge,
519 2209 672 2241 miserare

316 2257 460 2290 Foedum
486 2255 692 2297 facinoribus,

272 2307 432 2345 Pressum,
465 2313 549 2345 0000,
574 2305 665 2337 larva
688 2303 799 2335 mortis

270 2352 322 2385 Ab
347 2351 466 2385 inferni
488 2352 582 2384 trahe
605 2352 718 2392 portis,

318 2400 350 2432 A
374 2401 536 2440 gehennae
559 2400 696 2441 ignibus,

861 236 916 268 44.

862 555 918 587 45.

863 874 918 905 46.

864 1192 921 1223 47.

863 1512 918 1543 48.

865 1831 921 1863 49.

869 2163 924 2194 50.

941 235 1020 278 Ave,
1046 244 1127 278 rosa,
1154 232 1272 273 absque
1296 242 1405 275 naevo,

943 282 992 314 Ne
1017 282 1146 315 draconi
1170 280 1281 313 tradar
1305 290 1409 321 saevo,

987 329 1076 361 Totis
1099 337 1157 368 age
1180 327 1309 370 nisibus,

943 376 1024 407 Nam
1051 378 1082 406 et
1105 376 1236 407 multum
1261 375 1289 406 si
1314 375 1454 415 peccavi,

943 423 1046 454 Iesum
1072 425 1176 454 tamen
1201 431 1262 454 non
1288 422 1410 463 negavi,

989 470 1059 501 Hoc
1083 478 1201 509 repone
1225 469 1379 502 sensibus

944 555 1023 595 Ave,
1049 563 1131 594 rosa,
1156 554 1251 587 fidem
1274 554 1369 596 muni,

941 600 1054 632 Fidem
1079 600 1170 632 firma
1195 603 1227 632 et
1251 601 1341 632 0011111

990 648 1114 680 Nostris
1136 647 1230 680 fixam
1253 647 1418 689 mentibus,

942 694 992 725 Ne
1016 697 1148 734 vagetur
1171 694 1365 735 nutabunda,

945 741 1007 773 Sed
1032 741 1075 771 sit
1099 740 1190 773 fortis
1216 743 1248 771 et
1271 741 1410 772 iucunda

989 788 1103 820 Mortis
1128 788 1160 819 in
1187 787 1358 820 doloribus.

945 874 1023 915 Ave,
1051 881 1133 913 rosa,
1160 880 1361 904 amoenorum

945 920 998 951 Ad
1017 920 1174 951 convalles
1193 920 1254 950 duc
1270 927 1326 950 nos
1343 917 1466 958 florum,

992 966 1045 999 Ad
1070 966 1230 997 hortorum
1255 965 1335 1006 lilia,

944 1013 1093 1045 Paradisi
1117 1012 1159 1044 ad
1183 1013 1313 1053 virores,

944 1060 1108 1091 Violarum
1132 1060 1174 1091 ad
1199 1059 1321 1101 odores,

992 1106 1047 1138 Ad
1072 1115 1214 1137 rosarum
1239 1106 1335 1138 milia.

946 1192 1025 1233 Ave,
1052 1199 1126 1221 rosa
1149 1193 1200 1221 ter
1222 1189 1326 1230 beata,

944 1238 1014 1269 Duc
1038 1246 1094 1268 nos
1120 1237 1161 1268 ad
1185 1237 1413 1279 malogranata,

992 1284 1046 1316 Ad
1069 1282 1217 1315 fiorentes
1241 1283 1358 1326 vineas,

943 1332 997 1363 Ad
1021 1331 1178 1369 spirantes
1204 1339 1296 1362 auras
1322 1331 1416 1369 vitae,

944 1379 997 1410 Ad
1021 1379 1191 1410 nardorum
1217 1385 1325 1409 nemus
1350 1378 1436 1416 mite,

990 1425 1061 1457 Duc
1085 1425 1127 1455 ad
1151 1426 1243 1457 sedes
1268 1433 1390 1458 aureas,

945 1513 1025 1552 Ave,
1052 1518 1123 1541 rosa
1148 1519 1244 1549 super
1269 1518 1368 1550 rosas,

945 1559 1016 1590 Duc
1040 1557 1081 1588 ad
1109 1557 1216 1589 domos
1242 1557 1412 1588 luminosas

992 1604 1245 1643 Resplendentes
1270 1604 1378 1646 oculis,

946 1651 1109 1685 Claritatis
1133 1652 1166 1683 vi
1190 1654 1368 1690 vernantes,

946 1699 1047 1738 Intus,
1074 1701 1164 1729 extra
1187 1698 1353 1729 rutilantes

995 1746 1111 1778 Aureis
1135 1745 1306 1777 1310100113.

946 1831 1029 1873 Ave,
1053 1839 1135 1872 rosa,
1163 1830 1224 1861 duc
1249 1829 1290 1860 ad
1316 1832 1402 1860 zetas

950 1877 1100 1918 Gemmis,
1126 1886 1212 1918 auro,
1239 1877 1310 1908 luce
1333 1877 1444 1916 laetaS,

995 1925 1090 1957 Lucis
1116 1925 1158 1956 ad
1183 1924 1345 1966 palatium,

949 1973 1015 2011 Quo
1040 1972 1095 2003 lux
1118 1972 1204 2003 lucet
1227 1980 1352 2011 semper
1376 1973 1459 2011 viva,

949 2020 1033 2060 Vita,
1059 2028 1122 2059 pax
1146 2017 1353 2057 indefectiva,

998 2067 1121 2100 Caritas
1147 2070 1179 2098 et
1202 2066 1361 2107 gaudium.

950 2163 1029 2206 Ave,
1056 2170 1138 2201 rosa,
1164 2165 1206 2203 te,
1231 2161 1346 2202 Maria,

950 2210 1157 2253 Flagitamus,
1182 2212 1270 2248 virgo
1296 2209 1361 2248 pia,

997 2257 1112 2289 Mundi
1135 2260 1209 2297 post
1234 2256 1378 2288 exsilium

950 2304 1085 2337 Fontem
1108 2305 1204 2346 vitae,
1229 2303 1349 2336 fontem
1373 2304 1449 2335 bom

950 2352 1087 2384 Nostrae
1110 2353 1216 2392 palam
1239 2351 1354 2384 visioni

999 2400 1132 2442 Praebe,
1156 2403 1246 2432 tuum
1268 2398 1380 2433 filium.
