1650 2612
635 111 865 146 -31-

143 230 148 236 .
176 204 371 246 Amplector‚
401 205 565 237 deosculor

221 252 330 292 pedes,
355 251 548 292 Magdalena

177 298 240 332 Ubi
265 298 389 338 planxit
413 299 553 331 lacrimis

223 348 253 377 et
280 345 389 378 dolore
413 345 518 385 plena,

174 392 239 426 Ubi
261 392 473 432 paenitentiae

220 442 351 479 peracta
376 447 499 480 carena,

174 484 212 521 In
233 496 313 526 pace
339 486 470 518 dimissa
495 490 552 529 est,

224 534 321 566 rediit
344 542 466 566 serena.

134 629 148 643 ·.
176 609 200 643 Ο
226 611 325 649 pedes
353 608 526 641 dulcissimi

219 656 303 697 Iesu,
331 665 380 688 me
405 656 581 696 quaesistis,

176 703 284 746 Ovem,
312 712 391 742 quae
413 703 580 745 perieram,

222 753 296 790 post
319 759 369 781 me
395 749 589 790 cucurristis,

176 797 312 830 Malleos
339 796 519 829 carnificum

225 845 331 876 clavos
356 844 550 888 suscepistis,

178 891 258 924 Viae
276 891 505 931 lassitudinem,

226 947 349 970 crucem
372 938 558 978 pertulistis,

144 1040 149 1046 .
177 1013 310 1053 Sanguis
335 1014 461 1055 pedum,
484 1013 630 1055 Domine,

224 1069 301 1099 quos
328 1060 406 1092 clavi
434 1059 595 1102 foderunt,

177 1107 293 1139 Deleat
317 1108 450 1147 vestigia

226 1155 352 1195 pedum,
380 1162 460 1194 quae
486 1153 639 1194 fecerunt,

178 1201 309 1240 Quando
335 1202 448 1242 carnis,
478 1201 638 1234 daemonis

227 1257 349 1280 cursum
376 1250 578 1291 peregerunt,

180 1295 338 1328 Vanitatis
363 1296 472 1327 literas

222 1342 255 1373 in
283 1345 369 1374 terra
396 1342 602 1382 scripserunt,

144 1440 150 1448 .
177 1418 276 1458 Rogo,
303 1418 421 1458 pedum
446 1418 551 1460 rivuli,

222 1467 257 1496 ut
281 1465 458 1497 omissionis

175 1512 257 1545 Boni
279 1512 388 1552 culpas
418 1512 550 1555 diluant,

223 1560 470 1599 perpetrationis

176 1607 256 1640 Mali
279 1605 370 1639 nefas
395 1605 552 1648 auferant,

226 1654 328 1686 virtus
353 1654 511 1695 passionis

177 1701 265 1734 Tuae
289 1701 419 1734 verbum
445 1700 589 1742 proferat

225 1748 442 1783 absolutionis

146 1852 152 1858 .
178 1824 291 1857 Flecto
316 1824 374 1856 tibi
399 1834 511 1865 genua,

225 1872 277 1912 qui
302 1874 357 1904 tua
381 1870 507 1915 flexisti,

180 1920 258 1953 Cum
284 1919 347 1951 tuis
374 1919 538 1959 discipulis

224 1967 324 2007 pedes
349 1966 489 2006 abluisti,

177 2015 333 2055 Magister
359 2017 390 2046 et
411 2015 557 2056 Domine,

222 2063 320 2095 linteo
344 2062 475 2103 tersisti,

175 2110 247 2143 Hoc
271 2111 448 2149 exemplum
475 2110 582 2142 nobile

222 2158 285 2190 tuis
312 2157 487 2198 relequisti.

141 2262 147 2269 .
175 2234 309 2275 Sanguis
335 2235 418 2274 tuus,
444 2233 590 2275 Domine,

223 2291 315 2322 quem
342 2280 426 2313 fudit
450 2280 545 2313 beata

173 2331 244 2362 Tua
268 2330 478 2369 circumcisio,

226 2377 332 2411 deleat
357 2379 463 2409 errata

795 824 850 858 10.

797 1230 851 1263 11.

800 1635 854 1669 12.

801 2042 854 2076 13.

876 206 998 245 Carnis,
1024 205 1064 237 sit
1091 206 1272 238 cinctorium

922 261 1041 292 renum,
1068 261 1128 291 quo
1154 257 1281 286 servata

875 300 956 333 Caro
982 300 1033 340 sit,
1056 298 1087 329 in
1113 299 1250 331 motibus

923 346 1017 378 castis
1043 346 1199 379 ordinata.

876 420 1006 454 Sudoris
1032 420 1194 461 sanguinei

919 467 1093 500 balsamum
1121 475 1180 507 per
1204 470 1303 500 totum

876 515 999 555 Corpus
1023 518 1110 546 tuum
1136 513 1284 547 diffluens

922 570 972 593 me
997 561 1113 594 reddat
1141 561 1285 594 devotum

876 610 912 642 In
937 608 1143 649 orationibus,

923 664 974 687 me
998 658 1088 688 sanet
1112 658 1284 695 aegrotum,

876 703 933 735 Me
958 702 1085 734 caelesti
1111 702 1217 734 curiae

923 752 1142 789 repraesentet
1166 749 1274 782 lotum.

877 826 1009 865 Sanguis
1036 827 1116 864 tuus,
1142 823 1286 864 Domine,

923 872 1015 903 nodis
1040 870 1235 911 flagellorum

876 918 1019 951 Eductus
1046 927 1063 949 e
1088 927 1220 958 corpore

923 974 1062 997 meorum
1088 965 1294 997 membrorum

877 1014 927 1045 Sit
951 1012 1066 1052 regalis
1091 1021 1242 1053 purpura,

925 1058 1022 1091 faciat
1046 1059 1189 1091 laborum

880 1106 1065 1149 Patientem,
1091 1107 1209 1138 socium

926 1156 1100 1195 martyrum
1126 1156 1260 1186 tuorum.

879 1229 940 1262 Tui
966 1228 1070 1261 cordis
1095 1226 1225 1260 flumina

928 1275 1088 1316 sanguinis
1115 1279 1145 1307 et
1170 1275 1275 1307 undae

879 1324 985 1356 Meum
1011 1332 1065 1355 cor
1091 1320 1316 1364 circumfluant,

924 1369 1060 1402 influant
1084 1373 1116 1401 et
1139 1370 1256 1402 munde

879 1418 1030 1457 Abluant,
1056 1417 1224 1453 inebrient,

927 1467 1094 1504 penetrent
1112 1463 1279 1504 profunde,

880 1512 923 1545 Ut
949 1515 981 1543 te
1005 1513 1099 1552 plene
1125 1511 1245 1551 diligat,

926 1559 1044 1591 serviat
1069 1559 1216 1592 iucunde.

882 1635 1016 1674 Sanguis
1041 1634 1114 1667 Iesu
1138 1632 1261 1673 floride,

928 1683 1053 1722 sanguis
1081 1681 1226 1723 delicate,

880 1727 1044 1761 Profluens
1071 1729 1111 1760 de
1133 1729 1244 1769 latere,

927 1785 1064 1816 pannum
1090 1777 1306 1807 menstruatae

881 1823 1044 1856 Commuta
1069 1823 1101 1854 in
1126 1830 1308 1862 purpuram,

928 1869 990 1910 fac,
1015 1871 1047 1902 in
1073 1870 1192 1909 pietate

880 1918 1059 1957 Ambulem,
1088 1920 1119 1949 et
1142 1916 1250 1949 obtine

928 1966 1038 1997 vivere
1062 1965 1165 1998 beate.

884 2043 931 2074 Tu
957 2041 1063 2073 resina
1088 2040 1211 2073 Galaad

928 2089 1031 2131 ungis,
1055 2091 1093 2119 ut
1117 2090 1261 2128 portetur

882 2138 991 2178 Iugum
1018 2135 1134 2168 Christi
1163 2136 1310 2176 suaviter,

928 2184 1018 2224 facis,
1044 2185 1081 2214 ut
1104 2185 1236 2216 ametur.

880 2231 985 2274 Facis,
1012 2234 1047 2263 ut
1072 2230 1288 2271 quaerentium

927 2279 1032 2313 Iesum
1059 2287 1113 2310 cor
1137 2279 1282 2319 laetetur,

879 2327 975 2360 Facis
998 2329 1259 2369 momentaneum,

928 2374 1083 2415 quidquid
1108 2374 1290 2407 sustinetur.
