<?xml version="1.0" encoding="UTF-8"?>
<!DOCTYPE html PUBLIC "-//W3C//DTD XHTML 1.0 Transitional//EN"
    "http://www.w3.org/TR/xhtml1/DTD/xhtml1-transitional.dtd">
<html xmlns="http://www.w3.org/1999/xhtml" xml:lang="en" lang="en">
 <head>
  <title>
</title>
<meta http-equiv="Content-Type" content="text/html;charset=utf-8" />
  <meta name='ocr-system' content='tesseract 3.04.00' />
  <meta name='ocr-capabilities' content='ocr_page ocr_carea ocr_par ocr_line ocrx_word'/>
</head>
<body>
  <div class='ocr_page' id='page_1' title='image "./analectahymnica35drevuoft_00145.png"; bbox 0 0 1650 2612; ppageno 0'>
   <div class='ocr_carea' id='block_1_1' title="bbox 203 201 658 563">
    <p class='ocr_par' dir='ltr' id='par_1_1' title="bbox 203 201 479 239">
     <span class='ocr_line' id='line_1_1' title="bbox 203 201 479 239; baseline -0.007 -7"><span class='ocrx_word' id='word_1_1' title='bbox 203 201 258 232; x_wconf 79' lang='lat'>13.</span> <span class='ocrx_word' id='word_1_2' title='bbox 286 201 364 239; x_wconf 73' lang='lat' dir='ltr'>Ave,</span> <span class='ocrx_word' id='word_1_3' title='bbox 389 208 479 231; x_wconf 74' lang='lat' dir='ltr'>sacro</span> 
     </span>
    </p>

    <p class='ocr_par' dir='ltr' id='par_1_2' title="bbox 285 245 588 332">
     <span class='ocr_line' id='line_1_2' title="bbox 335 245 588 288; baseline -0.008 -11"><span class='ocrx_word' id='word_1_4' title='bbox 335 247 439 288; x_wconf 84' lang='lat' dir='ltr'>dicata</span> <span class='ocrx_word' id='word_1_5' title='bbox 460 245 588 283; x_wconf 88' lang='lat' dir='ltr'>flamini,</span> 
     </span>
     <span class='ocr_line' id='line_1_3' title="bbox 285 291 555 332; baseline -0.015 -6"><span class='ocrx_word' id='word_1_6' title='bbox 285 294 371 332; x_wconf 81' lang='lat' dir='ltr'>Quae</span> <span class='ocrx_word' id='word_1_7' title='bbox 394 291 555 332; x_wconf 82' lang='lat' dir='ltr'>coniungis</span> 
     </span>
    </p>

    <p class='ocr_par' dir='ltr' id='par_1_3' title="bbox 281 337 658 426">
     <span class='ocr_line' id='line_1_4' title="bbox 331 337 658 375; baseline -0.012 -4"><span class='ocrx_word' id='word_1_8' title='bbox 331 349 386 371; x_wconf 82' lang='lat' dir='ltr'>eor</span> <span class='ocrx_word' id='word_1_9' title='bbox 409 340 504 370; x_wconf 85' lang='lat' dir='ltr'>altum</span> <span class='ocrx_word' id='word_1_10' title='bbox 530 337 658 375; x_wconf 82' lang='lat' dir='ltr'>homini,</span> 
     </span>
     <span class='ocr_line' id='line_1_5' title="bbox 281 387 535 426; baseline -0.008 -9"><span class='ocrx_word' id='word_1_11' title='bbox 281 387 411 426; x_wconf 81' lang='lat' dir='ltr'><strong>Absque</strong></span> <span class='ocrx_word' id='word_1_12' title='bbox 434 389 535 416; x_wconf 89' lang='lat' dir='ltr'>matre</span> 
     </span>
    </p>

    <p class='ocr_par' dir='ltr' id='par_1_4' title="bbox 282 430 650 517">
     <span class='ocr_line' id='line_1_6' title="bbox 327 430 650 471; baseline -0.012 -7"><span class='ocrx_word' id='word_1_13' title='bbox 327 434 367 464; x_wconf 91' lang='lat' dir='ltr'>de</span> <span class='ocrx_word' id='word_1_14' title='bbox 391 435 483 471; x_wconf 88' lang='lat' dir='ltr'>patre</span> <span class='ocrx_word' id='word_1_15' title='bbox 504 430 650 471; x_wconf 87' lang='lat' dir='ltr'>proditus</span> 
     </span>
     <span class='ocr_line' id='line_1_7' title="bbox 282 479 471 517; baseline -0.011 -7"><span class='ocrx_word' id='word_1_16' title='bbox 282 479 356 510; x_wconf 88' lang='lat' dir='ltr'>Sine</span> <span class='ocrx_word' id='word_1_17' title='bbox 380 481 471 517; x_wconf 89' lang='lat' dir='ltr'>patre</span> 
     </span>
    </p>

    <p class='ocr_par' dir='ltr' id='par_1_5' title="bbox 332 524 655 563">
     <span class='ocr_line' id='line_1_8' title="bbox 332 524 655 563; baseline -0.009 -6"><span class='ocrx_word' id='word_1_18' title='bbox 332 529 378 557; x_wconf 88' lang='lat' dir='ltr'>est</span> <span class='ocrx_word' id='word_1_19' title='bbox 403 525 443 556; x_wconf 93' lang='lat' dir='ltr'>de</span> <span class='ocrx_word' id='word_1_20' title='bbox 466 528 498 556; x_wconf 88' lang='lat' dir='ltr'>te</span> <span class='ocrx_word' id='word_1_21' title='bbox 522 524 655 563; x_wconf 82' lang='lat' dir='ltr'>genitus,</span> 
     </span>
    </p>
   </div>
   <div class='ocr_carea' id='block_1_2' title="bbox 379 572 712 609">
    <p class='ocr_par' dir='ltr' id='par_1_6' title="bbox 379 572 712 609">
     <span class='ocr_line' id='line_1_9' title="bbox 379 572 712 609; baseline -0.012 -6"><span class='ocrx_word' id='word_1_22' title='bbox 379 572 403 603; x_wconf 96' lang='lat' dir='ltr'>O</span> <span class='ocrx_word' id='word_1_23' title='bbox 428 574 537 602; x_wconf 82' lang='lat' dir='ltr'>saneta</span> <span class='ocrx_word' id='word_1_24' title='bbox 560 578 712 609; x_wconf 79' lang='lat' dir='ltr'>propago.</span> 
     </span>
    </p>
   </div>
   <div class='ocr_carea' id='block_1_3' title="bbox 205 638 667 1049">
    <p class='ocr_par' dir='ltr' id='par_1_7' title="bbox 205 638 667 1049">
     <span class='ocr_line' id='line_1_10' title="bbox 205 638 499 679; baseline -0.01 -9"><span class='ocrx_word' id='word_1_25' title='bbox 205 639 260 670; x_wconf 82' lang='lat'>14.</span> <span class='ocrx_word' id='word_1_26' title='bbox 285 638 364 677; x_wconf 82' lang='lat' dir='ltr'>Ave,</span> <span class='ocrx_word' id='word_1_27' title='bbox 388 640 499 679; x_wconf 81' lang='lat' dir='ltr'>mater,</span> 
     </span>
     <span class='ocr_line' id='line_1_11' title="bbox 331 682 667 724; baseline -0.003 -10"><span class='ocrx_word' id='word_1_28' title='bbox 331 692 411 724; x_wconf 87' lang='lat' dir='ltr'>quae</span> <span class='ocrx_word' id='word_1_29' title='bbox 434 684 530 722; x_wconf 86' lang='lat' dir='ltr'>plena</span> <span class='ocrx_word' id='word_1_30' title='bbox 553 682 667 722; x_wconf 85' lang='lat' dir='ltr'>gaudio</span> 
     </span>
     <span class='ocr_line' id='line_1_12' title="bbox 285 730 477 763; baseline -0.005 -1"><span class='ocrx_word' id='word_1_31' title='bbox 285 731 322 762; x_wconf 88' lang='lat' dir='ltr'>In</span> <span class='ocrx_word' id='word_1_32' title='bbox 349 730 477 763; x_wconf 83' lang='lat' dir='ltr'>caelesti</span> 
     </span>
     <span class='ocr_line' id='line_1_13' title="bbox 331 776 593 816; baseline -0.008 -7"><span class='ocrx_word' id='word_1_33' title='bbox 331 786 475 809; x_wconf 80' lang='lat' dir='ltr'>coruscas</span> <span class='ocrx_word' id='word_1_34' title='bbox 500 776 593 816; x_wconf 86' lang='lat' dir='ltr'>atrio,</span> 
     </span>
     <span class='ocr_line' id='line_1_14' title="bbox 280 824 538 856; baseline -0.008 0"><span class='ocrx_word' id='word_1_35' title='bbox 280 824 366 856; x_wconf 83' lang='lat' dir='ltr'>Ante</span> <span class='ocrx_word' id='word_1_36' title='bbox 389 824 538 855; x_wconf 88' lang='lat' dir='ltr'>mundum</span> 
     </span>
     <span class='ocr_line' id='line_1_15' title="bbox 331 870 562 907; baseline 0 -6"><span class='ocrx_word' id='word_1_37' title='bbox 331 871 416 902; x_wconf 80' lang='lat' dir='ltr'>euius</span> <span class='ocrx_word' id='word_1_38' title='bbox 441 870 562 907; x_wconf 80' lang='lat' dir='ltr'>electio,</span> 
     </span>
     <span class='ocr_line' id='line_1_16' title="bbox 284 917 515 957; baseline -0.009 -8"><span class='ocrx_word' id='word_1_39' title='bbox 284 917 386 957; x_wconf 85' lang='lat' dir='ltr'>Super</span> <span class='ocrx_word' id='word_1_40' title='bbox 410 926 515 948; x_wconf 89' lang='lat' dir='ltr'>omnes</span> 
     </span>
     <span class='ocr_line' id='line_1_17' title="bbox 333 963 626 1002; baseline -0.007 -7"><span class='ocrx_word' id='word_1_41' title='bbox 333 964 420 995; x_wconf 86' lang='lat' dir='ltr'>cuius</span> <span class='ocrx_word' id='word_1_42' title='bbox 444 963 626 1002; x_wconf 84' lang='lat' dir='ltr'><strong>assumptio,</strong></span> 
     </span>
     <span class='ocr_line' id='line_1_18' title="bbox 377 1010 641 1049; baseline 0.004 -7"><span class='ocrx_word' id='word_1_43' title='bbox 377 1010 400 1042; x_wconf 96' lang='lat' dir='ltr'>O</span> <span class='ocrx_word' id='word_1_44' title='bbox 425 1010 505 1041; x_wconf 86' lang='lat' dir='ltr'>lucis</span> <span class='ocrx_word' id='word_1_45' title='bbox 528 1010 641 1049; x_wconf 78' lang='lat' dir='ltr'>imag0.</span> 
     </span>
    </p>
   </div>
   <div class='ocr_carea' id='block_1_4' title="bbox 205 1077 679 1487">
    <p class='ocr_par' dir='ltr' id='par_1_8' title="bbox 205 1077 679 1487">
     <span class='ocr_line' id='line_1_19' title="bbox 205 1077 515 1116; baseline -0.006 -8"><span class='ocrx_word' id='word_1_46' title='bbox 205 1077 259 1108; x_wconf 82' lang='lat'>15.</span> <span class='ocrx_word' id='word_1_47' title='bbox 284 1077 364 1114; x_wconf 82' lang='lat' dir='ltr'>Ave,</span> <span class='ocrx_word' id='word_1_48' title='bbox 388 1084 515 1116; x_wconf 81' lang='lat' dir='ltr'>parens,</span> 
     </span>
     <span class='ocr_line' id='line_1_20' title="bbox 331 1121 646 1161; baseline -0.006 -7"><span class='ocrx_word' id='word_1_49' title='bbox 331 1131 389 1161; x_wconf 89' lang='lat' dir='ltr'>per</span> <span class='ocrx_word' id='word_1_50' title='bbox 414 1122 500 1153; x_wconf 88' lang='lat' dir='ltr'>cuius</span> <span class='ocrx_word' id='word_1_51' title='bbox 523 1121 646 1153; x_wconf 87' lang='lat' dir='ltr'>viscera</span> 
     </span>
     <span class='ocr_line' id='line_1_21' title="bbox 285 1167 471 1200; baseline -0.011 0"><span class='ocrx_word' id='word_1_52' title='bbox 285 1169 371 1200; x_wconf 83' lang='lat' dir='ltr'>Mira</span> <span class='ocrx_word' id='word_1_53' title='bbox 395 1167 471 1199; x_wconf 86' lang='lat' dir='ltr'>fecit</span> 
     </span>
     <span class='ocr_line' id='line_1_22' title="bbox 332 1217 584 1254; baseline -0.012 -7"><span class='ocrx_word' id='word_1_54' title='bbox 332 1217 455 1247; x_wconf 82' lang='lat' dir='ltr'>creator</span> <span class='ocrx_word' id='word_1_55' title='bbox 477 1223 584 1254; x_wconf 75' lang='lat' dir='ltr'>opera,</span> 
     </span>
     <span class='ocr_line' id='line_1_23' title="bbox 283 1261 510 1294; baseline -0.009 -1"><span class='ocrx_word' id='word_1_56' title='bbox 283 1261 396 1294; x_wconf 82' lang='lat' dir='ltr'><strong>Mundi</strong></span> <span class='ocrx_word' id='word_1_57' title='bbox 419 1261 510 1292; x_wconf 84' lang='lat' dir='ltr'>huius</span> 
     </span>
     <span class='ocr_line' id='line_1_24' title="bbox 333 1308 625 1349; baseline -0.003 -10"><span class='ocrx_word' id='word_1_58' title='bbox 333 1308 464 1339; x_wconf 78' lang='lat' dir='ltr'>siccavit</span> <span class='ocrx_word' id='word_1_59' title='bbox 486 1308 625 1349; x_wconf 82' lang='lat' dir='ltr'>pelagus,</span> 
     </span>
     <span class='ocr_line' id='line_1_25' title="bbox 286 1354 492 1393; baseline -0.01 -6"><span class='ocrx_word' id='word_1_60' title='bbox 286 1355 332 1387; x_wconf 92' lang='lat' dir='ltr'>Ut</span> <span class='ocrx_word' id='word_1_61' title='bbox 355 1354 492 1393; x_wconf 90' lang='lat' dir='ltr'>respiret</span> 
     </span>
     <span class='ocr_line' id='line_1_26' title="bbox 328 1399 679 1440; baseline -0.006 -7"><span class='ocrx_word' id='word_1_62' title='bbox 328 1404 477 1440; x_wconf 84' lang='lat' dir='ltr'>peccator</span> <span class='ocrx_word' id='word_1_63' title='bbox 498 1399 679 1440; x_wconf 86' lang='lat' dir='ltr'>naufragus,</span> 
     </span>
     <span class='ocr_line' id='line_1_27' title="bbox 378 1447 675 1487; baseline 0 -8"><span class='ocrx_word' id='word_1_64' title='bbox 378 1448 402 1479; x_wconf 96' lang='lat' dir='ltr'><strong>O</strong></span> <span class='ocrx_word' id='word_1_65' title='bbox 428 1448 515 1487; x_wconf 86' lang='lat' dir='ltr'>virgo</span> <span class='ocrx_word' id='word_1_66' title='bbox 542 1447 675 1480; x_wconf 82' lang='lat' dir='ltr'>decoris.</span> 
     </span>
    </p>
   </div>
   <div class='ocr_carea' id='block_1_5' title="bbox 207 1524 688 1890">
    <p class='ocr_par' dir='ltr' id='par_1_9' title="bbox 207 1524 478 1561">
     <span class='ocr_line' id='line_1_28' title="bbox 207 1524 478 1561; baseline -0.007 -6"><span class='ocrx_word' id='word_1_67' title='bbox 207 1524 261 1555; x_wconf 78' lang='lat'>16.</span> <span class='ocrx_word' id='word_1_68' title='bbox 286 1524 366 1561; x_wconf 74' lang='lat' dir='ltr'>Ave,</span> <span class='ocrx_word' id='word_1_69' title='bbox 390 1526 478 1554; x_wconf 85' lang='lat' dir='ltr'>terra</span> 
     </span>
    </p>

    <p class='ocr_par' dir='ltr' id='par_1_10' title="bbox 283 1569 638 1657">
     <span class='ocr_line' id='line_1_29' title="bbox 333 1569 638 1608; baseline -0.007 -7"><span class='ocrx_word' id='word_1_70' title='bbox 333 1569 433 1601; x_wconf 84' lang='lat' dir='ltr'>duleis</span> <span class='ocrx_word' id='word_1_71' title='bbox 458 1573 491 1600; x_wconf 89' lang='lat' dir='ltr'>et</span> <span class='ocrx_word' id='word_1_72' title='bbox 513 1569 638 1608; x_wconf 84' lang='lat' dir='ltr'>fertilis,</span> 
     </span>
     <span class='ocr_line' id='line_1_30' title="bbox 283 1615 562 1657; baseline -0.007 -10"><span class='ocrx_word' id='word_1_73' title='bbox 283 1616 333 1647; x_wconf 92' lang='lat' dir='ltr'>De</span> <span class='ocrx_word' id='word_1_74' title='bbox 356 1625 418 1657; x_wconf 85' lang='lat' dir='ltr'>qua</span> <span class='ocrx_word' id='word_1_75' title='bbox 441 1615 562 1647; x_wconf 67' lang='lat' dir='ltr'>fructur,</span> 
     </span>
    </p>

    <p class='ocr_par' dir='ltr' id='par_1_11' title="bbox 284 1662 633 1742">
     <span class='ocr_line' id='line_1_31' title="bbox 330 1662 633 1703; baseline -0.003 -9"><span class='ocrx_word' id='word_1_76' title='bbox 330 1663 486 1702; x_wconf 77' lang='lat' dir='ltr'>processit</span> <span class='ocrx_word' id='word_1_77' title='bbox 507 1662 633 1703; x_wconf 83' lang='lat' dir='ltr'>nobilis,</span> 
     </span>
     <span class='ocr_line' id='line_1_32' title="bbox 284 1710 530 1742; baseline 0 -1"><span class='ocrx_word' id='word_1_78' title='bbox 284 1710 333 1741; x_wconf 91' lang='lat' dir='ltr'>De</span> <span class='ocrx_word' id='word_1_79' title='bbox 356 1718 391 1742; x_wconf 90' lang='lat' dir='ltr'>se</span> <span class='ocrx_word' id='word_1_80' title='bbox 415 1713 530 1741; x_wconf 84' lang='lat' dir='ltr'>terram</span> 
     </span>
    </p>

    <p class='ocr_par' dir='ltr' id='par_1_12' title="bbox 284 1755 625 1843">
     <span class='ocr_line' id='line_1_33' title="bbox 330 1755 625 1798; baseline -0.003 -10"><span class='ocrx_word' id='word_1_81' title='bbox 330 1761 362 1788; x_wconf 88' lang='lat' dir='ltr'>et</span> <span class='ocrx_word' id='word_1_82' title='bbox 386 1757 490 1788; x_wconf 88' lang='lat' dir='ltr'>caelos</span> <span class='ocrx_word' id='word_1_83' title='bbox 514 1755 625 1798; x_wconf 83' lang='lat' dir='ltr'>reficit,</span> 
     </span>
     <span class='ocr_line' id='line_1_34' title="bbox 284 1804 525 1843; baseline 0 -8"><span class='ocrx_word' id='word_1_84' title='bbox 284 1804 396 1836; x_wconf 81' lang='lat' dir='ltr'>Omnes</span> <span class='ocrx_word' id='word_1_85' title='bbox 421 1804 525 1843; x_wconf 81' lang='lat' dir='ltr'>pascit</span> 
     </span>
    </p>

    <p class='ocr_par' dir='ltr' id='par_1_13' title="bbox 330 1849 688 1890">
     <span class='ocr_line' id='line_1_35' title="bbox 330 1849 688 1890; baseline -0.003 -8"><span class='ocrx_word' id='word_1_86' title='bbox 330 1860 389 1882; x_wconf 83' lang='lat' dir='ltr'>nec</span> <span class='ocrx_word' id='word_1_87' title='bbox 411 1860 545 1890; x_wconf 85' lang='lat' dir='ltr'>unquam</span> <span class='ocrx_word' id='word_1_88' title='bbox 572 1849 688 1888; x_wconf 79' lang='lat' dir='ltr'>deficit,</span> 
     </span>
    </p>
   </div>
   <div class='ocr_carea' id='block_1_6' title="bbox 377 1896 711 1929">
    <p class='ocr_par' dir='ltr' id='par_1_14' title="bbox 377 1896 711 1929">
     <span class='ocr_line' id='line_1_36' title="bbox 377 1896 711 1929; baseline 0 0"><span class='ocrx_word' id='word_1_89' title='bbox 377 1897 401 1929; x_wconf 97' lang='grc' dir='ltr'>Ο</span> <span class='ocrx_word' id='word_1_90' title='bbox 428 1896 548 1929; x_wconf 84' lang='lat' dir='ltr'>fruetus</span> <span class='ocrx_word' id='word_1_91' title='bbox 572 1897 711 1929; x_wconf 81' lang='lat' dir='ltr'>honons.</span> 
     </span>
    </p>
   </div>
   <div class='ocr_carea' id='block_1_7' title="bbox 205 1974 671 2099">
    <p class='ocr_par' dir='ltr' id='par_1_15' title="bbox 205 1974 671 2099">
     <span class='ocr_line' id='line_1_37' title="bbox 205 1974 515 2014; baseline -0.01 -8"><span class='ocrx_word' id='word_1_92' title='bbox 205 1974 257 2006; x_wconf 78' lang='lat'>17.</span> <span class='ocrx_word' id='word_1_93' title='bbox 283 1974 362 2011; x_wconf 81' lang='lat' dir='ltr'>Ave,</span> <span class='ocrx_word' id='word_1_94' title='bbox 389 1982 515 2014; x_wconf 84' lang='lat' dir='ltr'>sponsa,</span> 
     </span>
     <span class='ocr_line' id='line_1_38' title="bbox 332 2020 671 2051; baseline 0.003 -1"><span class='ocrx_word' id='word_1_95' title='bbox 332 2021 418 2051; x_wconf 87' lang='lat' dir='ltr'>cuius</span> <span class='ocrx_word' id='word_1_96' title='bbox 441 2020 475 2050; x_wconf 89' lang='lat' dir='ltr'>in</span> <span class='ocrx_word' id='word_1_97' title='bbox 500 2020 671 2051; x_wconf 79' lang='lat' dir='ltr'>thalamum</span> 
     </span>
     <span class='ocr_line' id='line_1_39' title="bbox 283 2066 463 2099; baseline -0.017 0"><span class='ocrx_word' id='word_1_98' title='bbox 283 2066 463 2099; x_wconf 85' lang='lat' dir='ltr'>Distillavit</span> 
     </span>
    </p>
   </div>
   <div class='ocr_carea' id='block_1_8' title="bbox 333 2113 708 2152">
    <p class='ocr_par' dir='ltr' id='par_1_16' title="bbox 333 2113 708 2152">
     <span class='ocr_line' id='line_1_40' title="bbox 333 2113 708 2152; baseline 0.003 -9"><span class='ocrx_word' id='word_1_99' title='bbox 333 2113 496 2144; x_wconf 73' lang='lat' dir='ltr'>caelestem</span> <span class='ocrx_word' id='word_1_100' title='bbox 522 2113 708 2152; x_wconf 77' lang='lat' dir='ltr'><strong>balsamum,</strong></span> 
     </span>
    </p>
   </div>
   <div class='ocr_carea' id='block_1_9' title="bbox 284 2160 679 2381">
    <p class='ocr_par' dir='ltr' id='par_1_17' title="bbox 284 2160 679 2381">
     <span class='ocr_line' id='line_1_41' title="bbox 286 2160 590 2192; baseline -0.007 0"><span class='ocrx_word' id='word_1_101' title='bbox 286 2160 361 2192; x_wconf 87' lang='lat' dir='ltr'>Cum</span> <span class='ocrx_word' id='word_1_102' title='bbox 387 2168 439 2190; x_wconf 88' lang='lat' dir='ltr'>ros</span> <span class='ocrx_word' id='word_1_103' title='bbox 463 2162 590 2191; x_wconf 84' lang='lat' dir='ltr'>sanetus</span> 
     </span>
     <span class='ocr_line' id='line_1_42' title="bbox 329 2205 629 2247; baseline -0.003 -9"><span class='ocrx_word' id='word_1_104' title='bbox 329 2205 473 2246; x_wconf 87' lang='lat' dir='ltr'>perfudit</span> <span class='ocrx_word' id='word_1_105' title='bbox 496 2210 629 2247; x_wconf 83' lang='lat' dir='ltr'>uterum,</span> 
     </span>
     <span class='ocr_line' id='line_1_43' title="bbox 284 2253 464 2293; baseline -0.017 -7"><span class='ocrx_word' id='word_1_106' title='bbox 284 2253 464 2293; x_wconf 74' lang='lat' dir='ltr'>Concepisti</span> 
     </span>
     <span class='ocr_line' id='line_1_44' title="bbox 333 2300 656 2342; baseline -0.003 -9"><span class='ocrx_word' id='word_1_107' title='bbox 333 2300 491 2333; x_wconf 88' lang='lat' dir='ltr'>credendo</span> <span class='ocrx_word' id='word_1_108' title='bbox 514 2309 656 2342; x_wconf 87' lang='lat' dir='ltr'>puerum,</span> 
     </span>
     <span class='ocr_line' id='line_1_45' title="bbox 380 2348 679 2381; baseline 0.003 -1"><span class='ocrx_word' id='word_1_109' title='bbox 380 2348 404 2380; x_wconf 97' lang='grc' dir='ltr'>Ο</span> <span class='ocrx_word' id='word_1_110' title='bbox 431 2348 545 2380; x_wconf 85' lang='lat' dir='ltr'>cellula</span> <span class='ocrx_word' id='word_1_111' title='bbox 565 2349 679 2381; x_wconf 78' lang='lat' dir='ltr'>mellis.</span> 
     </span>
    </p>
   </div>
   <div class='ocr_carea' id='block_1_10' title="bbox 705 102 960 137">
    <p class='ocr_par' dir='ltr' id='par_1_18' title="bbox 705 102 960 137">
     <span class='ocr_line' id='line_1_46' title="bbox 705 102 960 137; baseline 0.008 -2"><span class='ocrx_word' id='word_1_112' title='bbox 705 122 749 127; x_wconf 92' lang='lat'><strong>—</strong></span> <span class='ocrx_word' id='word_1_113' title='bbox 801 102 960 137; x_wconf 76' lang='lat'>142-</span> 
     </span>
    </p>
   </div>
   <div class='ocr_carea' id='block_1_11' title="bbox 879 196 1327 602">
    <p class='ocr_par' dir='ltr' id='par_1_19' title="bbox 879 196 1207 235">
     <span class='ocr_line' id='line_1_47' title="bbox 879 196 1207 235; baseline -0.009 -6"><span class='ocrx_word' id='word_1_114' title='bbox 879 198 933 229; x_wconf 80' lang='grc'>18.</span> <span class='ocrx_word' id='word_1_115' title='bbox 957 196 1037 235; x_wconf 70' lang='lat' dir='ltr'>Ave,</span> <span class='ocrx_word' id='word_1_116' title='bbox 1063 196 1207 228; x_wconf 81' lang='lat' dir='ltr'>Christus</span> 
     </span>
    </p>

    <p class='ocr_par' dir='ltr' id='par_1_20' title="bbox 957 241 1290 320">
     <span class='ocr_line' id='line_1_48' title="bbox 1004 241 1290 282; baseline -0.003 -9"><span class='ocrx_word' id='word_1_117' title='bbox 1004 243 1091 274; x_wconf 89' lang='lat' dir='ltr'>cuius</span> <span class='ocrx_word' id='word_1_118' title='bbox 1115 243 1148 273; x_wconf 88' lang='lat' dir='ltr'>in</span> <span class='ocrx_word' id='word_1_119' title='bbox 1171 241 1290 282; x_wconf 83' lang='lat' dir='ltr'>gremio</span> 
     </span>
     <span class='ocr_line' id='line_1_49' title="bbox 957 289 1137 320; baseline -0.006 0"><span class='ocrx_word' id='word_1_120' title='bbox 957 289 998 320; x_wconf 91' lang='lat' dir='ltr'>Se</span> <span class='ocrx_word' id='word_1_121' title='bbox 1022 289 1137 320; x_wconf 83' lang='lat' dir='ltr'>velavit</span> 
     </span>
    </p>

    <p class='ocr_par' dir='ltr' id='par_1_21' title="bbox 957 336 1246 422">
     <span class='ocr_line' id='line_1_50' title="bbox 1003 336 1246 376; baseline 0.004 -9"><span class='ocrx_word' id='word_1_122' title='bbox 1003 337 1106 368; x_wconf 81' lang='lat' dir='ltr'>earnis</span> <span class='ocrx_word' id='word_1_123' title='bbox 1131 336 1246 376; x_wconf 81' lang='lat' dir='ltr'>cilicio,</span> 
     </span>
     <span class='ocr_line' id='line_1_51' title="bbox 957 382 1224 422; baseline -0.004 -8"><span class='ocrx_word' id='word_1_124' title='bbox 957 382 1015 414; x_wconf 77' lang='lat' dir='ltr'>Cui</span> <span class='ocrx_word' id='word_1_125' title='bbox 1037 383 1224 422; x_wconf 85' lang='lat' dir='ltr'>gustandum</span> 
     </span>
    </p>

    <p class='ocr_par' dir='ltr' id='par_1_22' title="bbox 956 429 1285 515">
     <span class='ocr_line' id='line_1_52' title="bbox 1003 429 1285 467; baseline 0 -7"><span class='ocrx_word' id='word_1_126' title='bbox 1003 432 1125 461; x_wconf 83' lang='lat' dir='ltr'>acetum</span> <span class='ocrx_word' id='word_1_127' title='bbox 1150 429 1285 467; x_wconf 85' lang='lat' dir='ltr'>miscuit,</span> 
     </span>
     <span class='ocr_line' id='line_1_53' title="bbox 956 475 1233 515; baseline 0 -8"><span class='ocrx_word' id='word_1_128' title='bbox 956 476 1014 514; x_wconf 82' lang='lat' dir='ltr'>Qui</span> <span class='ocrx_word' id='word_1_129' title='bbox 1040 475 1084 507; x_wconf 84' lang='lat' dir='ltr'>fel</span> <span class='ocrx_word' id='word_1_130' title='bbox 1108 484 1233 515; x_wconf 85' lang='lat' dir='ltr'>semper</span> 
     </span>
    </p>

    <p class='ocr_par' dir='ltr' id='par_1_23' title="bbox 1002 522 1268 561">
     <span class='ocr_line' id='line_1_54' title="bbox 1002 522 1268 561; baseline -0.008 -6"><span class='ocrx_word' id='word_1_131' title='bbox 1002 522 1129 555; x_wconf 86' lang='lat' dir='ltr'>Iudaeis</span> <span class='ocrx_word' id='word_1_132' title='bbox 1154 523 1268 561; x_wconf 84' lang='lat' dir='ltr'>sapuit,</span> 
     </span>
    </p>

    <p class='ocr_par' dir='ltr' id='par_1_24' title="bbox 1051 568 1327 602">
     <span class='ocr_line' id='line_1_55' title="bbox 1051 568 1327 602; baseline -0.011 0"><span class='ocrx_word' id='word_1_133' title='bbox 1051 570 1076 602; x_wconf 94' lang='grc' dir='ltr'><strong>Ο</strong></span> <span class='ocrx_word' id='word_1_134' title='bbox 1100 570 1208 601; x_wconf 86' lang='lat' dir='ltr'>nescia</span> <span class='ocrx_word' id='word_1_135' title='bbox 1232 568 1327 600; x_wconf 81' lang='lat' dir='ltr'>fellis.</span> 
     </span>
    </p>
   </div>
   <div class='ocr_carea' id='block_1_12' title="bbox 876 634 1360 1048">
    <p class='ocr_par' dir='ltr' id='par_1_25' title="bbox 876 634 1360 1048">
     <span class='ocr_line' id='line_1_56' title="bbox 876 634 1163 674; baseline -0.003 -8"><span class='ocrx_word' id='word_1_136' title='bbox 876 634 931 667; x_wconf 84' lang='lat'>19.</span> <span class='ocrx_word' id='word_1_137' title='bbox 956 634 1037 674; x_wconf 76' lang='lat' dir='ltr'>Ave,</span> <span class='ocrx_word' id='word_1_138' title='bbox 1063 635 1163 673; x_wconf 74' lang='lat' dir='ltr'>virgo,</span> 
     </span>
     <span class='ocr_line' id='line_1_57' title="bbox 1003 690 1327 721; baseline 0 -9"><span class='ocrx_word' id='word_1_139' title='bbox 1003 690 1080 721; x_wconf 82' lang='lat' dir='ltr'>roga</span> <span class='ocrx_word' id='word_1_140' title='bbox 1104 690 1162 721; x_wconf 89' lang='lat' dir='ltr'>pro</span> <span class='ocrx_word' id='word_1_141' title='bbox 1185 690 1327 721; x_wconf 81' lang='lat' dir='ltr'>paupere</span> 
     </span>
     <span class='ocr_line' id='line_1_58' title="bbox 959 727 1280 768; baseline -0.003 -8"><span class='ocrx_word' id='word_1_142' title='bbox 959 727 1127 767; x_wconf 84' lang='lat' dir='ltr'>Christum,</span> <span class='ocrx_word' id='word_1_143' title='bbox 1153 729 1207 768; x_wconf 84' lang='lat' dir='ltr'>qui</span> <span class='ocrx_word' id='word_1_144' title='bbox 1228 737 1280 759; x_wconf 91' lang='lat' dir='ltr'>me</span> 
     </span>
     <span class='ocr_line' id='line_1_59' title="bbox 1003 775 1280 813; baseline -0.004 -7"><span class='ocrx_word' id='word_1_145' title='bbox 1003 776 1090 806; x_wconf 83' lang='lat' dir='ltr'>venit</span> <span class='ocrx_word' id='word_1_146' title='bbox 1113 775 1280 813; x_wconf 80' lang='lat' dir='ltr'>redimere,</span> 
     </span>
     <span class='ocr_line' id='line_1_60' title="bbox 959 821 1212 860; baseline 0.004 -8"><span class='ocrx_word' id='word_1_147' title='bbox 959 821 1020 853; x_wconf 88' lang='lat' dir='ltr'>Pro</span> <span class='ocrx_word' id='word_1_148' title='bbox 1045 831 1095 853; x_wconf 90' lang='lat' dir='ltr'>me</span> <span class='ocrx_word' id='word_1_149' title='bbox 1118 822 1212 860; x_wconf 83' lang='lat' dir='ltr'>placa</span> 
     </span>
     <span class='ocr_line' id='line_1_61' title="bbox 1007 868 1344 907; baseline 0 -7"><span class='ocrx_word' id='word_1_150' title='bbox 1007 868 1148 900; x_wconf 84' lang='lat' dir='ltr'>datorem</span> <span class='ocrx_word' id='word_1_151' title='bbox 1172 877 1344 907; x_wconf 83' lang='lat' dir='ltr'>munerum,</span> 
     </span>
     <span class='ocr_line' id='line_1_62' title="bbox 957 914 1169 947; baseline 0.005 0"><span class='ocrx_word' id='word_1_152' title='bbox 957 914 1007 947; x_wconf 83' lang='lat' dir='ltr'>Ne</span> <span class='ocrx_word' id='word_1_153' title='bbox 1028 919 1169 947; x_wconf 82' lang='lat' dir='ltr'>moretur</span> 
     </span>
     <span class='ocr_line' id='line_1_63' title="bbox 1003 962 1282 1002; baseline 0 -9"><span class='ocrx_word' id='word_1_154' title='bbox 1003 963 1099 993; x_wconf 90' lang='lat' dir='ltr'>solari</span> <span class='ocrx_word' id='word_1_155' title='bbox 1124 962 1282 1002; x_wconf 87' lang='lat' dir='ltr'>miserum,</span> 
     </span>
     <span class='ocr_line' id='line_1_64' title="bbox 1050 1008 1360 1048; baseline -0.003 -6"><span class='ocrx_word' id='word_1_156' title='bbox 1050 1009 1074 1041; x_wconf 94' lang='lat' dir='ltr'>O</span> <span class='ocrx_word' id='word_1_157' title='bbox 1100 1008 1189 1048; x_wconf 75' lang='lat' dir='ltr'>virgo</span> <span class='ocrx_word' id='word_1_158' title='bbox 1215 1009 1360 1048; x_wconf 86' lang='lat' dir='ltr'>benigna.</span> 
     </span>
    </p>
   </div>
   <div class='ocr_carea' id='block_1_13' title="bbox 875 1074 1350 1488">
    <p class='ocr_par' dir='ltr' id='par_1_26' title="bbox 875 1074 1350 1488">
     <span class='ocr_line' id='line_1_65' title="bbox 875 1074 1233 1115; baseline 0 -10"><span class='ocrx_word' id='word_1_159' title='bbox 875 1075 931 1107; x_wconf 81' lang='lat'>20.</span> <span class='ocrx_word' id='word_1_160' title='bbox 955 1074 1036 1115; x_wconf 72' lang='lat' dir='ltr'>Ave,</span> <span class='ocrx_word' id='word_1_161' title='bbox 1060 1084 1118 1113; x_wconf 84' lang='lat' dir='ltr'>per</span> <span class='ocrx_word' id='word_1_162' title='bbox 1142 1084 1233 1114; x_wconf 79' lang='lat' dir='ltr'>quam</span> 
     </span>
     <span class='ocr_line' id='line_1_66' title="bbox 1005 1121 1331 1153; baseline 0 -2"><span class='ocrx_word' id='word_1_163' title='bbox 1005 1121 1148 1153; x_wconf 88' lang='lat' dir='ltr'>extendit</span> <span class='ocrx_word' id='word_1_164' title='bbox 1166 1121 1331 1153; x_wconf 82' lang='lat' dir='ltr'>brachium</span> 
     </span>
     <span class='ocr_line' id='line_1_67' title="bbox 958 1167 1213 1209; baseline -0.004 -9"><span class='ocrx_word' id='word_1_165' title='bbox 958 1168 1063 1209; x_wconf 81' lang='lat' dir='ltr'>Pater,</span> <span class='ocrx_word' id='word_1_166' title='bbox 1090 1167 1131 1199; x_wconf 85' lang='lat' dir='ltr'>ad</span> <span class='ocrx_word' id='word_1_167' title='bbox 1155 1177 1213 1199; x_wconf 89' lang='lat' dir='ltr'>nos</span> 
     </span>
     <span class='ocr_line' id='line_1_68' title="bbox 1005 1214 1316 1253; baseline 0.006 -9"><span class='ocrx_word' id='word_1_168' title='bbox 1005 1223 1072 1245; x_wconf 88' lang='lat' dir='ltr'>cum</span> <span class='ocrx_word' id='word_1_169' title='bbox 1097 1214 1185 1246; x_wconf 84' lang='lat' dir='ltr'>misit</span> <span class='ocrx_word' id='word_1_170' title='bbox 1207 1214 1316 1253; x_wconf 85' lang='lat' dir='ltr'>filium,</span> 
     </span>
     <span class='ocr_line' id='line_1_69' title="bbox 957 1260 1168 1292; baseline 0 -1"><span class='ocrx_word' id='word_1_171' title='bbox 957 1260 1088 1292; x_wconf 90' lang='lat' dir='ltr'>Hostem</span> <span class='ocrx_word' id='word_1_172' title='bbox 1111 1261 1168 1292; x_wconf 88' lang='lat' dir='ltr'>ille</span> 
     </span>
     <span class='ocr_line' id='line_1_70' title="bbox 1004 1307 1304 1339; baseline 0 -1"><span class='ocrx_word' id='word_1_173' title='bbox 1004 1308 1151 1339; x_wconf 80' lang='lat' dir='ltr'>contrivit</span> <span class='ocrx_word' id='word_1_174' title='bbox 1176 1307 1304 1339; x_wconf 85' lang='lat' dir='ltr'>fortiter</span> 
     </span>
     <span class='ocr_line' id='line_1_71' title="bbox 956 1353 1165 1386; baseline 0.005 -2"><span class='ocrx_word' id='word_1_175' title='bbox 956 1353 999 1385; x_wconf 88' lang='lat' dir='ltr'>Et</span> <span class='ocrx_word' id='word_1_176' title='bbox 1024 1363 1079 1385; x_wconf 89' lang='lat' dir='ltr'>nos</span> <span class='ocrx_word' id='word_1_177' title='bbox 1104 1354 1165 1386; x_wconf 89' lang='lat' dir='ltr'>sibi</span> 
     </span>
     <span class='ocr_line' id='line_1_72' title="bbox 1005 1401 1345 1442; baseline 0 -10"><span class='ocrx_word' id='word_1_178' title='bbox 1005 1401 1195 1433; x_wconf 68' lang='lat' dir='ltr'>constrinxit</span> <span class='ocrx_word' id='word_1_179' title='bbox 1217 1401 1345 1442; x_wconf 83' lang='lat' dir='ltr'>leniter,</span> 
     </span>
     <span class='ocr_line' id='line_1_73' title="bbox 1052 1446 1350 1488; baseline 0 -8"><span class='ocrx_word' id='word_1_180' title='bbox 1052 1448 1076 1480; x_wconf 95' lang='lat' dir='ltr'>O</span> <span class='ocrx_word' id='word_1_181' title='bbox 1103 1446 1220 1479; x_wconf 81' lang='lat' dir='ltr'>femina</span> <span class='ocrx_word' id='word_1_182' title='bbox 1245 1448 1350 1488; x_wconf 82' lang='lat' dir='ltr'>digna.</span> 
     </span>
    </p>
   </div>
   <div class='ocr_carea' id='block_1_14' title="bbox 876 1522 1361 1937">
    <p class='ocr_par' dir='ltr' id='par_1_27' title="bbox 876 1522 1150 1555">
     <span class='ocr_line' id='line_1_74' title="bbox 876 1522 1150 1555; baseline -0.004 -1"><span class='ocrx_word' id='word_1_183' title='bbox 876 1523 932 1555; x_wconf 77' lang='lat'>21.</span> <span class='ocrx_word' id='word_1_184' title='bbox 957 1522 1037 1555; x_wconf 71' lang='lat' dir='ltr'>Ave,</span> <span class='ocrx_word' id='word_1_185' title='bbox 1062 1523 1150 1553; x_wconf 83' lang='lat' dir='ltr'>cuius</span> 
     </span>
    </p>

    <p class='ocr_par' dir='ltr' id='par_1_28' title="bbox 959 1568 1331 1648">
     <span class='ocr_line' id='line_1_75' title="bbox 1003 1568 1331 1601; baseline 0.003 -2"><span class='ocrx_word' id='word_1_186' title='bbox 1003 1569 1037 1599; x_wconf 91' lang='lat' dir='ltr'>in</span> <span class='ocrx_word' id='word_1_187' title='bbox 1062 1569 1161 1600; x_wconf 85' lang='lat' dir='ltr'>vellus</span> <span class='ocrx_word' id='word_1_188' title='bbox 1184 1568 1331 1601; x_wconf 86' lang='lat' dir='ltr'>floridum</span> 
     </span>
     <span class='ocr_line' id='line_1_76' title="bbox 959 1615 1214 1648; baseline 0.004 -1"><span class='ocrx_word' id='word_1_189' title='bbox 959 1615 1022 1647; x_wconf 80' lang='lat' dir='ltr'>Ros</span> <span class='ocrx_word' id='word_1_190' title='bbox 1049 1616 1214 1648; x_wconf 81' lang='lat' dir='ltr'>descendit</span> 
     </span>
    </p>

    <p class='ocr_par' dir='ltr' id='par_1_29' title="bbox 960 1662 1361 1741">
     <span class='ocr_line' id='line_1_77' title="bbox 1005 1662 1361 1703; baseline 0.003 -10"><span class='ocrx_word' id='word_1_191' title='bbox 1005 1671 1064 1693; x_wconf 85' lang='lat' dir='ltr'>nec</span> <span class='ocrx_word' id='word_1_192' title='bbox 1087 1662 1166 1694; x_wconf 79' lang='lat' dir='ltr'>fecit</span> <span class='ocrx_word' id='word_1_193' title='bbox 1188 1663 1361 1703; x_wconf 84' lang='lat' dir='ltr'>madidum,</span> 
     </span>
     <span class='ocr_line' id='line_1_78' title="bbox 960 1710 1175 1741; baseline 0.009 -2"><span class='ocrx_word' id='word_1_194' title='bbox 960 1710 1069 1741; x_wconf 86' lang='lat' dir='ltr'>Vellus</span> <span class='ocrx_word' id='word_1_195' title='bbox 1093 1710 1175 1741; x_wconf 88' lang='lat' dir='ltr'>roris</span> 
     </span>
    </p>

    <p class='ocr_par' dir='ltr' id='par_1_30' title="bbox 959 1757 1330 1836">
     <span class='ocr_line' id='line_1_79' title="bbox 1005 1757 1330 1797; baseline 0.003 -10"><span class='ocrx_word' id='word_1_196' title='bbox 1005 1766 1068 1788; x_wconf 91' lang='lat' dir='ltr'>non</span> <span class='ocrx_word' id='word_1_197' title='bbox 1092 1757 1192 1789; x_wconf 89' lang='lat' dir='ltr'>laedit</span> <span class='ocrx_word' id='word_1_198' title='bbox 1214 1758 1330 1797; x_wconf 83' lang='lat' dir='ltr'>passio,</span> 
     </span>
     <span class='ocr_line' id='line_1_80' title="bbox 959 1803 1204 1836; baseline -0.004 0"><span class='ocrx_word' id='word_1_199' title='bbox 959 1803 1093 1836; x_wconf 86' lang='lat' dir='ltr'>Carnem</span> <span class='ocrx_word' id='word_1_200' title='bbox 1116 1807 1204 1835; x_wconf 87' lang='lat' dir='ltr'>tuam</span> 
     </span>
    </p>

    <p class='ocr_par' dir='ltr' id='par_1_31' title="bbox 1003 1852 1289 1892">
     <span class='ocr_line' id='line_1_81' title="bbox 1003 1852 1289 1892; baseline 0.003 -11"><span class='ocrx_word' id='word_1_201' title='bbox 1003 1852 1091 1883; x_wconf 86' lang='lat' dir='ltr'>nulla</span> <span class='ocrx_word' id='word_1_202' title='bbox 1115 1852 1289 1892; x_wconf 76' lang='lat' dir='ltr'>corruptio,</span> 
     </span>
    </p>

    <p class='ocr_par' dir='ltr' id='par_1_32' title="bbox 1051 1898 1339 1937">
     <span class='ocr_line' id='line_1_82' title="bbox 1051 1898 1339 1937; baseline 0.003 -7"><span class='ocrx_word' id='word_1_203' title='bbox 1051 1899 1075 1930; x_wconf 94' lang='lat' dir='ltr'>O</span> <span class='ocrx_word' id='word_1_204' title='bbox 1100 1898 1189 1937; x_wconf 80' lang='lat' dir='ltr'>virgo</span> <span class='ocrx_word' id='word_1_205' title='bbox 1214 1898 1339 1937; x_wconf 83' lang='lat' dir='ltr'>pudiea.</span> 
     </span>
    </p>
   </div>
   <div class='ocr_carea' id='block_1_15' title="bbox 879 1973 1357 2387">
    <p class='ocr_par' dir='ltr' id='par_1_33' title="bbox 879 1973 1357 2387">
     <span class='ocr_line' id='line_1_83' title="bbox 879 1973 1153 2010; baseline -0.004 -6"><span class='ocrx_word' id='word_1_206' title='bbox 879 1974 934 2006; x_wconf 80' lang='lat'>22.</span> <span class='ocrx_word' id='word_1_207' title='bbox 959 1973 1038 2010; x_wconf 80' lang='lat' dir='ltr'>Ave,</span> <span class='ocrx_word' id='word_1_208' title='bbox 1066 1974 1153 2004; x_wconf 87' lang='lat' dir='ltr'>cuius</span> 
     </span>
     <span class='ocr_line' id='line_1_84' title="bbox 1005 2019 1330 2051; baseline 0 -1"><span class='ocrx_word' id='word_1_209' title='bbox 1005 2019 1141 2051; x_wconf 88' lang='lat' dir='ltr'>tenendo</span> <span class='ocrx_word' id='word_1_210' title='bbox 1168 2019 1330 2051; x_wconf 82' lang='lat' dir='ltr'>dexteram</span> 
     </span>
     <span class='ocr_line' id='line_1_85' title="bbox 958 2065 1171 2098; baseline -0.009 0"><span class='ocrx_word' id='word_1_211' title='bbox 958 2066 1028 2098; x_wconf 81' lang='lat' dir='ltr'>Rex</span> <span class='ocrx_word' id='word_1_212' title='bbox 1051 2065 1171 2098; x_wconf 86' lang='lat' dir='ltr'>levavit</span> 
     </span>
     <span class='ocr_line' id='line_1_86' title="bbox 1004 2113 1353 2152; baseline 0.003 -9"><span class='ocrx_word' id='word_1_213' title='bbox 1004 2113 1039 2143; x_wconf 88' lang='lat' dir='ltr'>in</span> <span class='ocrx_word' id='word_1_214' title='bbox 1062 2113 1170 2143; x_wconf 85' lang='lat' dir='ltr'>sedem</span> <span class='ocrx_word' id='word_1_215' title='bbox 1192 2121 1353 2152; x_wconf 85' lang='lat' dir='ltr'>superam,</span> 
     </span>
     <span class='ocr_line' id='line_1_87' title="bbox 959 2160 1165 2192; baseline -0.015 0"><span class='ocrx_word' id='word_1_216' title='bbox 959 2160 1007 2192; x_wconf 90' lang='lat' dir='ltr'>Te</span> <span class='ocrx_word' id='word_1_217' title='bbox 1031 2160 1165 2191; x_wconf 78' lang='lat' dir='ltr'>deduxit</span> 
     </span>
     <span class='ocr_line' id='line_1_88' title="bbox 1007 2206 1357 2247; baseline -0.003 -10"><span class='ocrx_word' id='word_1_218' title='bbox 1007 2215 1075 2237; x_wconf 85' lang='lat' dir='ltr'>eum</span> <span class='ocrx_word' id='word_1_219' title='bbox 1100 2214 1215 2245; x_wconf 90' lang='lat' dir='ltr'>pompa</span> <span class='ocrx_word' id='word_1_220' title='bbox 1239 2206 1357 2247; x_wconf 82' lang='lat' dir='ltr'>gaudii,</span> 
     </span>
     <span class='ocr_line' id='line_1_89' title="bbox 959 2253 1172 2291; baseline -0.019 -4"><span class='ocrx_word' id='word_1_221' title='bbox 959 2254 1008 2287; x_wconf 78' lang='lat' dir='ltr'>Te</span> <span class='ocrx_word' id='word_1_222' title='bbox 1029 2253 1172 2291; x_wconf 71' lang='lat' dir='ltr'>suscepit</span> 
     </span>
     <span class='ocr_line' id='line_1_90' title="bbox 1004 2299 1292 2340; baseline 0 -9"><span class='ocrx_word' id='word_1_223' title='bbox 1004 2301 1039 2331; x_wconf 89' lang='lat' dir='ltr'>in</span> <span class='ocrx_word' id='word_1_224' title='bbox 1062 2302 1186 2340; x_wconf 75' lang='lat' dir='ltr'>partem</span> <span class='ocrx_word' id='word_1_225' title='bbox 1211 2299 1292 2337; x_wconf 89' lang='lat' dir='ltr'>solii,</span> 
     </span>
     <span class='ocr_line' id='line_1_91' title="bbox 1053 2346 1322 2387; baseline 0.004 -8"><span class='ocrx_word' id='word_1_226' title='bbox 1053 2347 1078 2379; x_wconf 95' lang='lat' dir='ltr'>O</span> <span class='ocrx_word' id='word_1_227' title='bbox 1103 2347 1187 2387; x_wconf 83' lang='lat' dir='ltr'>regis</span> <span class='ocrx_word' id='word_1_228' title='bbox 1211 2346 1322 2381; x_wconf 81' lang='lat' dir='ltr'>amica.</span> 
     </span>
    </p>
   </div>
  </div>
 </body>
</html>
