1650 2612
155 193 209 225 30.

152 598 207 630 31.

147 1413 202 1445 33.

142 1822 197 1855 34.

140 2233 196 2265 35.

236 193 316 234 Ave,
342 192 400 226 fios
426 196 600 237 humilium,

283 240 407 281 fugiens
434 243 543 288 elatos,

236 287 273 319 In
297 288 359 320 hoc
381 290 483 328 gradu
505 291 616 323 inclito

282 344 302 366 a
324 337 357 365 ‘te
382 337 554 380 elongatos,

237 380 321 420 Quos
346 391 365 413 a
389 383 457 415 Deo
484 387 640 425 conspicis

282 437 351 460 esse
376 431 572 474 reprobatos,

236 474 280 507 Et
304 476 346 508 ad
371 482 464 509 antra
488 480 602 512 ‘tartari

282 532 408 562 semper
432 527 627 565 reprobatos.

233 598 314 640 Ave,
343 607 459 631 vovens
484 600 651 633 Dominum

281 654 406 685 semper
430 648 596 690 hospitari,

231 691 270 724 In
296 693 356 724 hoc
380 694 482 734 gradu
505 696 613 727 nobili-

281 748 408 779 semper
430 742 608 781 iucundari,

234 786 297 818 Hic
321 790 387 819 tam
411 798 542 828 magnus
567 789 720 822 Dominus

282 835 321 865 de
343 837 376 865 te
401 838 546 875 generari

232 881 342 913 Voluit
364 882 396 913 in
420 882 554 924 Effrata‚

281 938 341 969 per
365 932 398 960 te
421 932 577 963 venerari.

200 1029 205 1034 .
232 1006 313 1044 Ave,
339 1005 429 1044 pacis
454 1007 587 1043 aemula,

279 1060 359 1091 pace
383 1052 540 1092 gloriaris,

229 1098 268 1130 In
292 1099 353 1130 hoc
378 1099 479 1139 gradu
503 1099 579 1131 fidei

276 1155 373 1177 unum
397 1146 592 1186 iucundaris,

229 1193 267 1225 In
295 1192 431 1226 fratrum
457 1194 627 1226 concordia

275 1239 469 1273 beatificaris

228 1287 421 1329 Omnemque
447 1288 638 1320 discordiam

274 1345 394 1368 summe
418 1336 598 1370 detestaris..

227 1413 308 1452 Ave,
334 1412 436 1443 noctis
461 1413 569 1444 nescia

271 1460 402 1491 lucerna
428 1459 595 1502 caelorum,

227 1506 329 1539 Huius
359 1507 477 1547 gradus
500 1510 591 1539 utero

274 1555 370 1586 decus
396 1556 583 1594 creatorum,

225 1601 292 1634 Nos
318 1601 458 1643 absolve,
485 1610 684 1642 quaesumus,

270 1658 355 1681 nexu
380 1651 593 1690 peccatorum,

223 1696 270 1730 Ut
293 1696 385 1729 nobis
411 1697 537 1736 aperias

270 1748 381 1785 portas
406 1745 579 1777 beatorum.

223 1822 304 1862 Ave,
330 1823 433 1852 mater
456 1820 582 1852 nomine

269 1869 345 1901 Iesu
370 1868 530 1910 decorata,

222 1916 325 1949 Huius
351 1923 494 1955 gemmae
518 1914 635 1946 nobilis

269 1965 340 1996 luce
365 1963 501 2003 radiata,

222 2011 309 2044 Mira
332 2013 406 2043 sunt
429 2009 579 2050 prodigia

270 2067 330 2099 per
354 2058 416 2090 hoc
441 2058 613 2095 declarata,

223 2106 269 2139 Et
292 2108 402 2138 nostra
429 2104 573 2137 condicio

270 2154 404 2186 multum
431 2152 579 2184 exaltata.

221 2232 302 2274 Ave,
330 2230 418 2261 cuius
442 2227 527 2260 filius

268 2278 369 2309 maius
394 2276 551 2309 luminare

221 2325 272 2358 De
296 2328 329 2356 te
352 2328 456 2356 matre
479 2322 581 2355 voluit

268 2372 386 2405 mundo
411 2371 554 2414 rutilare,

758 105 822 140 251

832 419 887 449 36.

831 821 885 852 37.

829 1225 883 1257 38.

824 1631 880 1663 39.

821 2039 878 2072 40.

915 201 1028 242 Solem,
1053 202 1169 241 lunam,
1192 201 1299 232 sidera

960 249 1080 288 pariter
1104 256 1217 280 ornare

912 295 955 327 Et
979 296 1011 327 in
1037 295 1137 336 patris
1162 295 1292 327 dextera

960 345 1063 374 tecum
1087 351 1262 373 coruscare.

912 418 992 459 Ave,
1019 417 1106 457 virgo
1131 417 1304 457 reprobans

959 468 1075 495 statum
1099 464 1271 503 Babylonis

916 512 1066 550 Duraque
1090 511 1219 542 servitia

961 557 1043 598 regis
1069 558 1252 597 Pharaonis,

912 605 985 637 Illic
1009 606 1129 636 stantes
1153 603 1295 636 flevimus

962 652 1067 683 hostes
1093 652 1255 690 creatoris,

914 699 1038 738 Organa
1062 699 1281 737 suspendimus

960 745 1167 778 iubilationis,

911 821 989 860 Ave,
1012 819 1073 851 Dei
1095 820 1209 863 baiula,

959 868 1068 898 laudes
1093 870 1275 908 sonuerunt,

913 914 987 945 'l'ibi
1011 915 1112 946 sancti
1137 915 1240 954 angeli

960 961 1036 991 laeti
1056 961 1248 1000 cecinerunt,

910 1008 964 1039 Ad
989 1010 1076 1039 tuum
1100 1008 1267 1046 imperium

958 1054 1065 1085 statim
1092 1055 1321 1087 descenderunt

910 1101 953 1133 Et
976 1101 1009 1131 in
1034 1102 1096 1132 tuis
1122 1101 1269 1133 laudibus

959 1157 1016 1180 nos
1040 1147 1324 1181 inflammaverunt.

909 1225 988 1262 Ave,
1016 1225 1162 1255 constans
1189 1223 1324 1263 domina,

957 1279 1049 1309 quam
1073 1270 1160 1302 Deus
1185 1270 1342 1310 probavit,

909 1318 1008 1357 Quam
1033 1318 1066 1349 in
1091 1318 1192 1349 crucis
1216 1316 1338 1356 proelio

954 1364 1086 1396 multum
1110 1364 1285 1406 tribulavit,

912 1411 989 1444 Cum
1014 1411 1153 1443 surrexit
1176 1411 1339 1452 Dominus,

954 1458 1013 1490 tibi
1038 1460 1194 1490 reseravit

908 1505 1038 1538 Infinita
1060 1506 1176 1546 gaudia

953 1556 1047 1592 teque
1072 1553 1263 1586 sublimavit.

905 1630 985 1669 Ave,
1011 1629 1110 1660 nubes
1137 1629 1274 1661 candida

953 1676 1134 1708 discurrens
1159 1686 1217 1718 per
1243 1677 1373 1716 caelum,

909 1723 1118 1756 obumbravit
1142 1724 1284 1763 parvulo,

951 1779 1020 1803 cum
1044 1771 1134 1804 vadit
1157 1772 1199 1804 ad
1222 1771 1351 1813 bellum,

907 1820 960 1852 Ad
984 1818 1156 1859 fugandum
1180 1819 1347 1851 daemones

955 1867 1044 1898 eleva
1065 1864 1237 1906 flabellum,

907 1914 951 1946 Et
975 1913 1021 1945 sic
1045 1914 1182 1953 palmam
1209 1912 1349 1945 deferam

952 1960 1035 1993 forte
1059 1969 1117 2001 per
1143 1961 1291 1993 duellum.

905 2040 984 2080 Ave,
1010 2041 1113 2069 mater
1136 2035 1208 2077 filii,

951 2093 1041 2125 quem
1068 2084 1158 2116 audis
1185 2085 1372 2116 clamantem

904 2134 950 2166 Et
975 2141 1044 2164 cum
1069 2133 1186 2164 sanctis
1209 2132 1349 2164 lacrimis

952 2180 1054 2212 Deum
1082 2180 1315 2220 deprecantem,

905 2228 943 2260 In
969 2228 1070 2259 crucis
1095 2227 1239 2267 patibulo

952 2278 1023 2306 tura
1048 2277 1309 2315 concremantem,

902 2324 1091 2356 Peccatores
1115 2322 1246 2354 miseros

951 2370 990 2402 ad
1018 2379 1053 2402 se
1076 2372 1287 2403 revocantem.
