1650 2612
183 191 238 222 35.

182 592 237 624 36.

183 992 238 1023 37.

183 1393 237 1424 38.

177 1795 229 1826 39.

175 2198 230 2229 40.

693 96 923 129 -20-

263 190 367 222 Dulce
390 191 508 229 liguum
531 190 627 222 Ionae
650 190 771 230 signum

308 238 447 277 impleus
474 237 660 275 evidentius,

265 284 343 316 Cum
368 284 474 323 exivit,
501 293 563 323 qua
589 283 747 323 dormivit,

311 331 433 362 Tumba
456 330 518 361 Dei
539 329 632 371 filius,

263 377 456 409 Dormiendo
482 377 534 416 qui
557 376 724 416 praedavit

308 423 440 456 Inferna
462 422 606 461 iuferius,

262 470 417 502 Exeundo
446 478 504 508 quo
529 469 658 509 volavit,

309 517 376 548 Nos
402 515 495 548 ducat
518 515 672 555 superius

263 590 365 622 Dulce
387 590 516 629 lignum,
543 598 601 629 quo
627 591 762 622 salvavit

309 637 398 669 Raab
423 635 476 667 filo
501 636 608 675 rubeo,

262 684 320 723 Qui
344 682 476 723 gentiles
501 683 648 715 liberavit

309 729 465 770 Sanguine
489 739 657 773 purpureo,

266 777 443 816 Civitatem,
469 785 560 816 quam
585 776 731 809 fundavit

311 823 396 855 Deus
421 823 454 853 in
476 832 633 863 empyreo,

261 870 366 901 Donet
388 869 463 908 illiS‚
489 878 565 908 quos
590 870 725 910 signavit

310 916 406 957 Signo
431 916 532 947 crucis
557 925 657 949 roseo.

265 991 366 1022 Dulce
390 992 517 1030 lignum,
543 1000 602 1030 quo
627 992 771 1024 trahebat

309 1038 362 1069 Ad
386 1046 420 1069 se
443 1037 529 1068 Deus
554 1038 666 1080 omnia,

265 1085 394 1122 Quando
420 1092 527 1115 manus
554 1085 744 1117 extendebat

310 1130 412 1170 Super
437 1131 537 1161 crucis
559 1131 699 1171 brachia,

264 1177 321 1215 Qui
346 1177 474 1209 remotis
498 1177 563 1208 suis
589 1178 668 1210 votis

309 1224 432 1255 Probra
456 1223 530 1255 tulit
554 1224 638 1267 vilia,

262 1270 326 1301 Det
349 1278 492 1310 pensare,
518 1279 609 1309 quam
634 1280 739 1303 amare

307 1316 381 1348 Luit
408 1319 516 1349 nostra
540 1317 628 1351 vitia.

264 1391 365 1422 Dulce
390 1392 517 1431 lignum,
544 1401 603 1430 quo
627 1392 713 1424 letali

310 1438 472 1470 Cruciatus
497 1438 626 1469 vulnere

262 1484 303 1516 Se
329 1493 395 1516 cum
422 1484 486 1515 suis
509 1483 657 1516 infernali

306 1531 406 1563 Duxit
428 1531 514 1563 Deus
538 1540 673 1572 carcere,

260 1578 318 1616 Qui
344 1586 509 1617 resurgens
535 1579 575 1610 de
597 1580 722 1617 poenali

307 1625 405 1656 Liber
430 1625 507 1656 vivit
531 1624 650 1667 funere,

262 1671 328 1703 Nos
354 1671 486 1711 castiget
509 1670 600 1703 filiali

310 1719 425 1759 Virgae
449 1727 524 1749 suae
549 1719 689 1752 verbere.

257 1793 358 1825 Dulce
366 1794 494 1834 lignum,
506 1802 565 1833 quo
577 1794 779 1833 splendorem

302 1841 360 1872 Dei
386 1840 486 1873 nostri
511 1841 709 1880 sumpsimus,

257 1888 314 1926 Qui
343 1896 401 1927 per
423 1887 503 1918 iram
529 1890 561 1918 et
585 1887 722 1920 furorem

304 1934 395 1966 Illius
420 1932 603 1973 defecimus,

256 1980 317 2011 Per
344 1981 484 2012 dolorem
510 1983 541 2011 et
564 1980 704 2012 laborem

302 2027 416 2059 Mundi
442 2035 510 2058 cum
530 2028 761 2070 marcescimus,

255 2073 320 2105 Det
343 2074 481 2113 vigorem
509 2076 541 2105 et
565 2074 698 2105 virorem

302 2121 474 2152 Aeternum
500 2120 681 2153 altissimus.

257 2196 359 2228 Dulce
382 2197 511 2237 liguum,
538 2197 625 2227 cuius
650 2196 771 2236 signum

300 2244 400 2275 Nobis
426 2246 472 2274 est
499 2243 649 2283 defensio,

258 2291 333 2323 Cum
360 2291 473 2323 diurna
497 2291 547 2322 vel
572 2293 724 2322 nocturna

303 2338 369 2370 Nos
393 2341 505 2378 gravat
528 2338 702 2380 temptatio,

933 189 982 221 Ne
1006 189 1127 229 patenti
1152 189 1203 221 vel
1227 187 1338 220 latenti

979 237 1158 269 Laedamur
1184 234 1359 274 daemonio,

932 283 977 315 Et
1000 284 1121 315 leonem
1148 284 1180 313 et
1205 282 1372 314 draconem

978 330 1073 370 Liget
1097 329 1214 361 Christi
1238 328 1354 368 passio.

852 405 907 438 41.
934 404 1035 435 Dulce
1058 405 1185 443 lignum,
1211 411 1271 442 quo
1291 402 1456 434 credentes

981 451 1141 482 Plaudunt
1166 450 1257 481 domo
1282 449 1419 489 Domini,

933 496 1125 529 Confitentes
1151 499 1183 527 et
1206 496 1379 535 psallentes

981 543 1058 575 Eius
1082 545 1191 574 sancto
1216 543 1346 583 nomini,

933 590 1063 622 Palmae
1085 587 1179 621 fiores
1202 589 1358 628 largiatur

980 635 1043 668 Per
1068 640 1100 668 te
1122 635 1209 667 Deus
1234 635 1361 675 homini,

934 684 979 717 Ut
1003 692 1061 723 per
1084 691 1188 715 mores
1214 681 1395 714 conferatur

981 730 1076 763 Cedri
1102 729 1292 762 celsitudini.

852 805 907 839 42.
933 805 1034 837 Dulce
1057 805 1186 845 liguum,
1215 804 1423 836 deformatam

980 851 1167 883 Reformans
1190 851 1368 890 imaginem,

935 898 1010 930 Cum
1035 898 1163 929 indutus
1190 900 1238 928 est
1261 897 1386 928 beatam

982 944 1126 985 Christus
1151 942 1379 982 fortitudinem,

934 991 1027 1023 Suam
1051 990 1141 1023 nobis
1169 993 1351 1022 renovatam

980 1038 1044 1069 Det
1066 1038 1316 1079 similitudinem,

935 1085 1029 1117 Cuius
1054 1093 1183 1123 regnum
1208 1084 1391 1125 ampliatam

978 1131 1085 1163 Habet
1108 1131 1345 1171 longitudinem.

852 1207 906 1239 43.
932 1205 1033 1237 Dulce
1057 1206 1186 1247 lignum,
1211 1205 1390 1245 passionem

978 1253 1044 1291 Quo
1069 1252 1143 1284 tulit
1169 1256 1384 1291 spontaneam,

935 1299 993 1338 Qui
1018 1298 1164 1339 superbis
1188 1299 1340 1330 ultionem

979 1347 1098 1378 Duram
1123 1345 1204 1378 fovit
1227 1345 1360 1386 foveam,

933 1393 1010 1424 Cum
1035 1395 1197 1424 nocentem
1225 1395 1258 1423 et
1282 1395 1426 1425 arentem

978 1439 1146 1479 Disperdis
1171 1438 1347 1480 ficulneam,

931 1486 1032 1517 Tuum
1062 1495 1192 1527 granum
1217 1495 1309 1518 serva
1333 1495 1456 1520 sanum,

977 1532 1074 1576 Deus,
1102 1533 1186 1564 iuter
1210 1534 1344 1572 paleam.

852 1608 906 1640 44.
931 1607 1035 1639 Dulce
1057 1608 1187 1648 lignum,
1220 1608 1254 1639 in
1280 1617 1340 1648 quo
1366 1609 1458 1640 vilem

980 1655 1094 1686 Mortis
1120 1663 1232 1694 passus
1259 1655 1398 1694 speciem

932 1701 1067 1741 Magnus
1092 1701 1179 1733 Deus
1203 1702 1235 1733 in
1260 1702 1407 1734 hostilem

979 1748 1151 1780 Dimicavit
1176 1748 1287 1790 aciem,

933 1795 985 1826 Sic
1009 1794 1135 1834 praeire
1159 1795 1249 1826 nobis
1275 1795 1343 1827 irae

978 1842 1059 1873 Suae
1086 1841 1181 1874 donet
1206 1840 1327 1885 faciem,

930 1889 975 1921 Ut
997 1897 1054 1920 nos
1081 1888 1176 1920 ducat
1200 1892 1232 1919 et
1255 1890 1412 1928 perducat

977 1935 1028 1966 Ad
1054 1937 1215 1967 aeternam
1241 1937 1391 1976 requiem.

848 2011 906 2041 45.
933 2010 1033 2041 Dulce
1057 2011 1187 2050 lignum,
1214 2020 1274 2050 quo
1300 2021 1433 2052 regnare

976 2057 1055 2097 Regi
1081 2064 1190 2096 regum
1213 2058 1335 2096 placuit

928 2103 971 2135 Et
995 2104 1146 2135 silvarum
1171 2105 1312 2137 exaltare

974 2150 1075 2190 Ligna
1098 2150 1184 2190 ligno
1209 2152 1317 2193 valuit,

930 2197 987 2236 Qui
1013 2198 1176 2229 silvestres
1202 2202 1234 2230 et
1259 2204 1427 2234 terrestres

973 2244 1074 2285 Ligno
1101 2246 1203 2277 crucis
1229 2247 1319 2285 eruit,

922 2291 984 2322 Det
992 2292 1171 2332 perlignum
1180 2302 1309 2333 regnum
1326 2295 1465 2336 dignum,

976 2338 1065 2377 Quod
1087 2340 1121 2370 in
1146 2339 1230 2380 ligno
1256 2342 1381 2374 meruit.
