1650 2612
739 97 992 132 ——234—

220 190 263 225 13,
278 191 295 221 3
316 193 464 227 coaptavit
482 192 517 219 D.
538 206 575 210 —
595 189 638 224 13,
651 190 671 218 4
691 188 761 218 Cum
784 191 821 218 D.
840 206 878 210 —-
900 189 942 220 14,
959 187 972 216 1
997 197 1039 224 sq.
1061 189 1096 216 de
1117 197 1175 224 qua
1193 196 1294 215 verum
1313 188 1393 215 Deus
1408 196 1505 223 sump—

219 232 259 257 sit
280 231 311 257 O.
332 246 369 250 --
391 228 433 262 14,
454 228 470 256 5
494 229 544 256 sie
562 230 725 265 assumptus
749 229 784 256 D.
809 245 846 248 —
866 228 909 262 15,
931 227 948 255 5
968 235 1029 262 sqq.
1051 227 1150 253 lauten
1169 228 1200 253 in
1223 225 1259 252 C:

519 275 568 303 Sic
587 278 616 302 te
635 276 707 302 duce
726 277 907 302 transeamus
929 274 964 301 ab
984 273 1041 300 hoc
1059 274 1160 300 mortis
1180 273 1308 305 flumine,

518 313 561 341 Ut
579 313 719 348 laetemur
738 312 896 348 gloriantes
916 313 947 339 in
967 311 1086 345 perenni
1105 311 1222 338 lumine.

219 371 262 404 16,
284 371 298 398 1
330 380 388 398 non
411 371 510 397 attrita
532 370 561 396 C.
582 383 618 387 —
639 367 683 402 17,
704 367 720 395 6
740 366 877 405 Regnans
897 369 933 396 D.
953 381 989 385 —-
1011 366 1054 399 17,
1074 366 1091 393 7
1113 366 1282 402 Captivator
1307 366 1339 395 A,
1360 366 1421 393 Nos
1441 374 1506 401 cap-

217 412 293 437 tivos
316 409 345 436 Ο,
384 426 387 429 -
426 404 467 439 18,
483 406 499 432 7
521 409 550 433 et
569 407 669 434 abluat
688 406 725 432 E.
743 421 779 424 —
799 404 843 438 22,
860 405 874 433 1
896 415 946 442 per
968 413 1054 441 quam
1074 405 1125 431 dat
1141 404 1170 431 Ο.
1190 418 1228 423 -
1248 401 1293 438 22,
1307 401 1325 431 3
1346 405 1422 430 recto
1439 405 1507 430 sunt

215 447 249 474 E.
275 461 313 465 —
334 444 378 478 22,
400 444 416 473 5
447 453 514 480 rege
533 452 648 479 gressus
668 443 729 472 AE.
755 459 790 463 —
815 442 861 478 22,
883 443 899 472 6
917 443 998 471 labes
1019 443 1173 470 absorbeat
1193 442 1223 470 C.
1249 455 1285 459 —
1311 439 1356 473 22,
1377 439 1395 468 8
1410 445 1507 468 mente

217 487 330 512 moveat
350 484 380 511 C.
402 496 438 502 -
461 480 506 516 24,
527 480 543 508 5
563 490 626 517 sqq.
645 482 746 509 lautcn
764 483 796 508 in
817 481 851 507 C:

517 529 607 562 Quem
627 529 749 563 propina
769 528 928 564 eliquatum
949 527 1034 555 nobis
1057 528 1115 554 tuis
1135 527 1279 563 precibus,

514 567 560 594 Ne
579 575 637 602 qua
657 567 732 593 desit
750 566 899 601 plenitudo
920 566 1033 600 gratiae
1052 564 1195 592 fidelibus.

217 625 273 653 Str.
294 623 329 652 26
349 633 377 650 u.
397 624 416 650 f.
435 622 528 649 lautet
546 623 577 649 in
597 622 632 649 C:

450 667 494 696 26.
517 668 613 702 Salve,
633 677 746 705 parens,
768 670 850 696 cuius
872 672 971 704 partus
990 668 1073 695 nulla
1091 671 1160 695 sunt
1176 668 1309 703 vestigia,

517 706 599 733 Sicut
617 709 695 734 viam
714 708 880 741 navigantis
900 715 960 734 non
980 706 1134 733 ostendunt
1152 706 1252 738 maria,

517 744 574 771 Per
593 748 623 771 te
641 746 724 781 regat
742 753 794 771 nos
815 744 976 780 redemptor
994 745 1025 770 in
1044 745 1156 779 potenti
1176 742 1302 776 brachio,

516 783 559 809 Ut
576 782 695 810 eductos
714 782 751 808 dc
769 782 883 809 deserto
903 781 1027 809 collocet
1043 782 1077 807 in
1095 781 1213 817 gaudio.

455 827 498 855 27.
520 829 615 863 Salve,
635 831 717 864 virgo
740 829 896 864 singularis
917 832 946 856 et
964 836 1070 855 manua
1090 828 1246 860 candidior,

515 866 561 893 De
581 875 638 901 qua
657 869 742 894 natus
762 869 846 894 vivus
866 869 950 902 panis
972 867 1049 893 omni
1069 866 1156 893 melle
1176 866 1287 892 dulcior
1309 867 1361 893 etc.

218 923 263 958 28,
284 924 300 951 7
320 925 466 950 Vitiorum
486 922 516 949 O.
543 937 580 941 —
607 920 652 954 29,
676 920 690 950 1
710 923 776 956 pius
796 922 869 949 fehlt
887 922 922 949 E.
944 936 977 941 ——
1000 919 1045 954 31,
1065 920 1085 949 4
1103 923 1221 949 nuntios
1240 921 1276 947 E.
1295 935 1334 939 —-
1356 918 1401 954 32,
1422 920 1439 948 6
1460 918 1505 948 fu-

217 963 276 989 turi
295 962 397 988 iudicii
417 960 453 987 D.
472 974 510 978 -
530 957 574 993 33,
593 959 607 987 1
629 960 765 987 delictum
784 960 821 986 D.
840 975 879 978 —
899 958 944 993 34,
959 956 976 986 3
997 968 1038 995 sq.
1061 959 1132 986 Cum
1153 960 1189 986 de
1207 962 1286 986 terra
1304 961 1422 986 nostrae
1441 967 1503 986 car—

217 1001 262 1027 nis
287 1002 331 1026 est
350 1000 450 1025 exorta
467 998 503 1024 D.
530 1012 566 1015 —
593 995 637 1031 36,
660 997 674 1024 1
696 996 791 1030 Salve,
811 997 882 1024 Sion
901 998 937 1024 D.
966 1011 997 1016 —-
1025 995 1069 1031 37,
1091 995 1108 1024 5
1129 996 1179 1024 Sic
1199 996 1364 1031 expandens
1384 997 1448 1024 DE.
1469 1011 1506 1016 ——

217 1035 262 1069 38,
284 1035 300 1063 6
320 1036 462 1063 Exaltans
482 1035 517 1062 D.
541 1051 574 1055 —
595 1032 639 1068 38,
661 1035 677 1062 7
699 1035 776 1070 quod
796 1035 908 1062 excedit
927 1034 987 1062 AE.
1007 1050 1045 1053 —
1064 1032 1109 1067 39,
1122 1032 1140 1062 3
1161 1034 1292 1062 Christus
1312 1033 1348 1060 E.
1369 1050 1406 1054 —-
1426 1032 1471 1067 39,
1486 1032 1503 1060 7

219 1075 260 1102 Ut
279 1075 315 1101 ad
334 1082 418 1101 mane
437 1073 473 1099 D.
494 1087 530 1090 —
547 1072 602 1100 Str.
627 1070 750 1100 35——40
769 1073 869 1099 lauten
888 1074 920 1099 in
940 1072 976 1100 G:

452 1116 496 1146 35.
517 1118 614 1153 Salve,
635 1122 726 1146 mater
745 1121 774 1145 ct
793 1119 908 1152 ancilla,
931 1120 1036 1146 summi
1055 1121 1132 1154 regis
1151 1120 1253 1152 libera,

515 1157 576 1184 Nos
597 1165 615 1184 a
633 1159 701 1193 iugo
722 1158 870 1183 servitutis
890 1165 975 1192 prece
989 1159 1041 1183 tua
1059 1157 1160 1190 libera,
1308 1186 1314 1192 ,

517 1194 576 1221 Ora
594 1195 699 1227 Iesum,
719 1196 753 1220 ut
770 1195 919 1221 nobiscum
940 1195 1054 1229 signum
1076 1195 1181 1221 bonum
1201 1195 1291 1222 faciat

517 1232 557 1258 Et
576 1240 593 1258 a
613 1233 714 1268 poenis
734 1231 910 1258 infernorum
931 1240 982 1267 per
1001 1234 1031 1258 te
1049 1240 1103 1258 nos
1124 1234 1237 1267 eripiat.

452 1275 497 1305 36.
518 1278 611 1312 Salve,
632 1280 713 1314 virgo
733 1278 869 1314 gloriosa,
890 1278 968 1305 dicta
985 1278 1042 1305 Dei
1062 1280 1174 1313 civitas,

518 1316 607 1343 Cuius
627 1315 723 1343 firmat
742 1316 927 1343 fundamenta
945 1317 1086 1343 montium
1106 1317 1280 1349 sublimitas,

521 1354 577 1386 Qui
597 1357 624 1381 te
645 1354 721 1386 fecit,
743 1362 778 1380 cx
796 1355 826 1380 te
844 1356 929 1380 natus
949 1355 994 1381 est
1012 1353 1097 1380 homo
1118 1354 1306 1387 humillimus,

518 1392 560 1419 Ut
579 1392 687 1418 exaltet
705 1392 737 1417 in
756 1392 888 1426 supernis
908 1390 1029 1427 pusillos
1050 1391 1219 1419 altissimus.

455 1435 500 1464 37.
522 1437 616 1470 Salve,
637 1440 736 1470 mater,
757 1439 839 1465 cuius
859 1441 944 1465 natus
964 1438 1039 1465 liber
1059 1446 1077 1465 a
1096 1440 1230 1474 contagio

518 1476 640 1503 Mortem
663 1475 731 1503 tulit
749 1477 826 1502 sicut
843 1475 928 1503 homo
950 1476 1013 1503 sine
1031 1476 1175 1503 adiutorio
1197 1480 1250 1504 etc.

454 1520 498 1549 38.
520 1521 615 1555 Salve,
637 1523 672 1549 de
692 1530 750 1557 qua
768 1525 869 1550 nostra
888 1531 953 1550 caro
974 1522 1030 1549 Dei
1051 1525 1095 1549 est
1114 1524 1282 1559 assumptio,

522 1559 610 1587 Cuius
629 1561 742 1596 partum
765 1560 846 1587 Deus
865 1563 947 1596 pater
966 1562 1051 1587 unxit
1070 1561 1106 1588 ab
1127 1562 1222 1596 initio,

520 1598 627 1625 Manus
648 1600 710 1625 eius
729 1600 759 1625 te
776 1597 929 1625 laudantes
950 1597 1044 1625 salvet
1063 1601 1092 1625 et
1110 1600 1224 1634 eripiat,

523 1635 611 1662 Utin
629 1636 714 1663 nobis
734 1636 845 1662 inimici
866 1636 948 1663 dolus
967 1635 1010 1662 nil
1029 1635 1171 1671 proficiat.

457 1681 501 1710 39.
523 1682 618 1715 Salve,
639 1683 739 1716 nubes,
760 1684 792 1709 in
812 1691 869 1717 qua
890 1682 1025 1718 splendor
1047 1683 1104 1710 Dei
1124 1685 1217 1711 nostri
1236 1684 1330 1718 latuit,

524 1720 579 1748 Sed
599 1719 756 1756 procedens
775 1723 862 1756 porta
880 1721 981 1748 clausa
1000 1721 1075 1748 caeli
1094 1730 1145 1748 rex
1166 1723 1309 1758 apparuit,

524 1759 581 1786 Hic
601 1759 730 1786 illustrat
747 1755 788 1792 (!)
806 1759 893 1786 corda
912 1760 1020 1791 nostra,
1041 1759 1150 1794 dirigat
1169 1763 1199 1787 et
1217 1768 1312 1795 opera,

523 1796 579 1829 Qui
599 1805 650 1832 pro
675 1796 760 1823 nobis
779 1796 872 1824 factus
892 1797 977 1824 homo
996 1799 1048 1823 tua
1068 1798 1148 1825 suxit
1166 1798 1265 1825 ubera.

456 1841 501 1870 40.
524 1842 618 1876 Salve,
639 1846 730 1870 mater
750 1844 806 1870 Dei
826 1844 908 1875 caeli,
928 1852 1088 1880 pauperum
1106 1846 1258 1881 refugium,

524 1882 570 1908 Da
590 1882 638 1908 hic
657 1881 741 1909 nobis
761 1883 935 1917 pertransire
955 1882 1076 1917 laqueos
1095 1885 1263 1911 venantium

524 1919 565 1946 Et
583 1922 748 1947 sanctorum
768 1920 936 1955 angelornm
956 1919 1062 1947 adhibe
1082 1921 1251 1954 custodiam,

525 1958 606 1990 Quae
626 1959 777 1984 conservet
796 1957 976 1993 impollutam
997 1958 1090 1985 cordis
1110 1960 1317 1986 innocentiam.

227 2011 273 2045 41,
294 2010 311 2039 5
330 2013 375 2040 Tu
395 2012 495 2040 cedrus
515 2014 719 2049 multiplicata.
740 2014 777 2040 D.
797 2028 833 2032 —-
849 2012 894 2049 41,
917 2012 933 2041 6
953 2016 986 2040 tu
1004 2015 1103 2049 palma
1121 2016 1253 2043 iustitiae
1275 2016 1306 2043 G.
1326 2030 1363 2034 —
1383 2016 1428 2050 41,
1444 2017 1461 2044 ¹?
1481 2019 1518 2045 In

227 2058 320 2085 agone
339 2059 392 2077 nos
412 2051 542 2077 conforta
562 2051 593 2078 C.
612 2066 649 2070 —
665 2049 709 2085 41,
731 2050 749 2078 8
769 2051 840 2079 dans
860 2052 987 2087 palmam
1006 2054 1147 2080 victoriae
1167 2054 1199 2080 C.
1225 2067 1260 2072 —
1285 2051 1331 2087 42,
1349 2051 1367 2081 3
1389 2054 1461 2082 Cum
1481 2056 1517 2083 de

227 2096 313 2115 carne
331 2088 367 2115 D.
388 2103 424 2108 —
443 2086 488 2121 42,
509 2087 526 2115 5
547 2098 608 2124 sqq.
632 2090 730 2116 lauten
749 2090 781 2115 in
801 2089 836 2116 O:

527 2146 653 2173 Domum
672 2148 761 2179 tuam,
779 2145 848 2172 1esu
868 2146 990 2179 Christe,
1014 2155 1114 2182 perpes
1136 2147 1219 2174 decet
1237 2148 1386 2181 sanctitas,

529 2183 622 2217 Quam
643 2184 787 2212 adornant
806 2183 859 2210 flos
880 2182 1000 2219 pudoris
1021 2187 1050 2211 et
1068 2185 1192 2212 fecunda
1212 2185 1340 2212 castitas.

228 2236 274 2273 44,
297 2236 311 2264 1
340 2240 421 2266 cuius
441 2241 609 2275 concupivit
623 2240 660 2267 D.
685 2253 723 2258 —
748 2238 794 2274 44,
815 2237 833 2265 2
852 2249 903 2267 rex
922 2240 1055 2267 caelestis
1075 2242 1201 2276 speciem
1220 2240 1256 2268 D.
1282 2255 1321 2258 —
1347 2239 1392 2276 44,
1413 2241 1430 2270 5
1451 2252 1519 2281 aga-

226 2284 290 2302 mus
311 2275 342 2303 C.
369 2291 408 2295 —-
426 2274 472 2309 44,
495 2275 511 2303 6
531 2278 740 2305 sabbatismum
761 2277 790 2304 C.
810 2291 847 2296 —
866 2276 912 2311 45,
934 2276 951 2304 2
972 2286 1049 2304 nova
1068 2281 1167 2306 cantat
1186 2278 1300 2305 cantica
1321 2278 1352 2305 C.
1373 2295 1410 2299 —
1433 2280 1480 2315 45,
1500 2280 1521 2309 4

227 2312 379 2348 magnifica
401 2315 431 2342 C.
455 2330 488 2334 ———
508 2313 554 2349 46,
569 2313 587 2341 2
607 2318 706 2351 partus
728 2316 820 2341 sancti
839 2315 874 2342 E.
895 2330 932 2335 —
951 2313 996 2348 46,
1011 2314 1029 2341 5
1049 2316 1097 2343 Da
1115 2317 1158 2342 sic
1172 2315 1318 2343 Christum
1335 2316 1365 2344 O.
1384 2334 1423 2339 —
1440 2318 1487 2354 48,
1502 2318 1519 2347 3

227 2359 269 2385 sq.
294 2351 453 2387 Postquam
477 2354 558 2379 venit
582 2352 731 2388 plenitudo
757 2354 931 2387 repromissa
954 2353 990 2380 D.
1018 2369 1053 2372 —
1078 2351 1124 2387 48,
1144 2352 1162 2379 7
1187 2354 1229 2381 Ut
1254 2355 1332 2381 uniri
1358 2365 1520 2385 mereamur
