1650 2612
435 214 489 246 39.

430 430 485 463 40.

428 657 483 689 41.

426 882 481 914 42.

423 1107 477 1139 43.

419 1333 475 1365 44.

417 1559 472 1590 45.

413 1786 470 1819 46.

411 2013 466 2045 47.

410 2241 465 2274 48.

715 118 971 155 —105—

515 215 597 254 Ave,
623 215 705 255 Iesu,
732 216 883 248 adversus
909 224 999 256 quem
1022 215 1103 247 sicut
1126 218 1290 256 serpentes

513 261 624 292 Iudaei
647 261 770 302 linguas
796 267 948 295 acuerunt
972 266 1065 303 atque
1088 266 1206 305 gentes,

513 307 651 346 Quorum
675 309 732 340 sub
758 310 873 350 linguis
896 310 1080 342 absconsum
1107 313 1176 342 erat
1200 319 1362 347 venenum,

512 354 575 386 Sed
600 355 645 387 nil
668 356 801 395 prodest
826 357 989 390 consilium
1014 360 1122 390 contra
1146 357 1324 389 Dominum.

511 431 592 470 Ave,
618 431 672 470 qui
694 431 783 462 nulla
808 432 920 472 eguisti
945 432 1088 465 custodia

509 477 579 509 Tua
603 478 644 509 ad
669 479 840 510 arcendum
865 480 1004 518 pretiosa
1027 479 1122 520 labia,

510 524 630 556 Bonam
654 527 689 556 tu
712 534 796 564 pone
815 526 862 557 ori
886 534 955 557 meo
981 526 1155 558 custodiam

510 571 555 604 Et
578 572 691 603 ostium
717 572 810 604 labiis
834 576 871 604 ut
895 573 1170 605 circumstantiam.

510 658 590 696 Ave,
616 657 699 699 Iesu,
723 657 756 688 in
782 657 868 689 cuius
894 660 1062 697 conspectu
1087 657 1211 689 effundo

509 703 639 735 Precem
665 712 766 735 meam
792 706 824 734 et
847 703 1082 735 tribulationem
1107 704 1222 743 pando,

508 750 560 782 Ex
582 759 632 781 me
656 750 803 790 spiritum
827 759 931 782 meum
954 751 987 781 in
1014 749 1188 782 deficiendo

507 796 552 828 Et
575 797 702 828 semitas
727 806 812 828 meas
839 797 930 837 nosti,
957 806 1034 836 quas
1058 806 1121 829 non
1144 797 1313 830 abscondo,

508 883 588 921 Ave,
613 882 687 913 Iesu
713 881 847 924 Christe,
874 880 921 913 fili
943 881 1055 913 summi
1080 882 1192 921 patris,

508 929 571 961 Per
596 937 732 961 amorem
758 929 919 968 piissimae
943 931 1017 960 tuae
1040 929 1159 967 matam,

507 975 569 1007 Per
595 976 735 1007 dolorem
760 979 833 1007 tuae
857 984 933 1015 rogo
960 975 1126 1016 passionis,

504 1024 608 1054 Aures
632 1023 778 1054 intendas
803 1023 873 1054 voci
898 1023 1058 1054 orationis.

505 1107 585 1147 Ave,
612 1107 695 1147 Iesu,
721 1109 792 1138 tuos
817 1107 870 1146 qui
894 1106 1024 1137 instruis
1049 1105 1091 1138 ad
1114 1106 1242 1145 bellum,

504 1154 671 1185 Protector
699 1155 807 1185 noster
832 1155 910 1194 esto,
937 1153 989 1192 qui
1014 1152 1124 1185 subdis
1148 1153 1309 1193 populum,

503 1201 626 1232 Inclina
652 1200 756 1231 caelos
780 1203 851 1231 tuos
877 1204 908 1231 et
932 1200 973 1231 ad
998 1208 1054 1231 nos
1081 1200 1237 1232 descende

503 1247 632 1287 Nosque
655 1247 772 1279 nostris
797 1247 836 1278 ab
862 1247 995 1278 inimicis
1020 1249 1055 1278 tu
1081 1246 1225 1280 defende.

501 1333 581 1374 Ave,
609 1340 700 1371 quem
725 1331 912 1363 benedicam
939 1331 1005 1363 dies
1030 1339 1089 1371 per
1112 1332 1262 1374 singulos,

500 1379 638 1418 Respice
662 1388 718 1411 nos
743 1379 899 1419 propitius
924 1381 995 1410 tuos
1019 1378 1158 1411 misellos

501 1426 629 1466 Facque
653 1434 767 1457 nomen
791 1429 879 1457 tuum
903 1426 935 1457 in
960 1426 1120 1457 saeculum
1138 1426 1272 1458 laudare

500 1473 631 1512 Tuaque
654 1473 813 1505 mirabilia
840 1473 933 1512 digne
957 1481 1098 1506 narrare.

497 1558 577 1598 Ave,
604 1558 686 1598 Iesu,
711 1558 745 1589 in
771 1567 832 1597 quo
857 1558 959 1589 omnis
984 1560 1030 1589 est
1055 1557 1118 1590 sita
1141 1558 1238 1598 salus,

498 1606 632 1637 Praeter
657 1614 748 1644 quam
773 1607 801 1636 si
825 1605 916 1637 nobis
941 1605 1108 1644 promittat
1131 1606 1230 1637 hostis
1251 1605 1363 1645 malus,

497 1652 576 1683 Ilico
602 1655 650 1683 est
672 1652 789 1683 nostris
815 1662 834 1683 a
858 1652 980 1684 foribus
1004 1652 1171 1691 pellendus

496 1699 662 1739 Veraeque
686 1699 864 1738 scripturae
888 1707 1037 1731 mucrone
1062 1697 1240 1732 fodiendus.

499 1786 577 1825 Ave,
602 1784 685 1823 Iesu,
712 1783 765 1823 qui
790 1793 882 1816 sanas
909 1784 1060 1815 contritos
1086 1785 1193 1824 corde,

499 1831 604 1864 Corda
627 1831 755 1863 illorum
781 1840 919 1871 purgans
945 1830 984 1862 ab
1010 1832 1094 1863 omni
1119 1831 1224 1872 sorde,

499 1879 558 1918 Qui
583 1887 731 1910 numeras
756 1878 990 1909 multitudinem
1014 1878 1188 1921 stellarum,

497 1926 628 1959 Custodi
647 1934 698 1957 me
723 1935 741 1957 a
766 1924 880 1957 fraude
903 1925 1112 1958 inimicorum.

494 2012 574 2055 Ave,
602 2019 695 2051 quem
719 2010 920 2043 Hierusalem
946 2010 1041 2042 debet
1065 2020 1181 2052 amare,

495 2059 599 2100 Super
624 2068 717 2099 quam
743 2058 899 2098 quondam
924 2056 1041 2091 flevisti
1065 2060 1131 2091 tam
1155 2067 1272 2098 amare,

492 2108 541 2139 Tu
566 2115 634 2147 nos,
661 2107 745 2146 Iesu,
774 2105 905 2146 dignare
928 2105 982 2137 hic
1008 2104 1196 2149 confortare,

493 2154 540 2187 Ut
564 2164 584 2186 a
608 2156 641 2186 te
664 2162 822 2194 nunquam
846 2153 1002 2193 possimus
1029 2153 1167 2187 (leviare.

491 2241 571 2284 Ave,
600 2240 684 2281 Iesu,
712 2248 804 2280 quem
827 2239 962 2271 laudant
985 2239 1089 2279 angeli
1113 2239 1145 2271 in
1172 2239 1278 2281 caelis,

493 2289 592 2328 Quem
617 2288 733 2319 adorat
755 2286 855 2318 omnis
880 2286 972 2319 homo
998 2295 1073 2319 vere
1097 2287 1235 2327 humilis,

494 2335 642 2369 Concede
666 2334 757 2367 nobis
783 2343 889 2366 coram
913 2337 946 2366 te
968 2333 1139 2374 humiliari,

493 2384 568 2417 Tibi
595 2392 664 2415 cum
690 2382 815 2423 hymnis
839 2385 875 2413 ut
897 2382 1054 2422 possimus
1079 2381 1242 2423 gratulari.
