1650 2612
369 227 424 262 49.

370 438 426 469 50.

712 137 968 172 —117—

451 231 531 273 Ave,
558 231 639 272 Iesu,
668 233 718 271 qui
743 232 860 264 inferni
884 237 993 272 portas
1016 234 1139 275 rupisti‚

458 277 536 309 Cum
562 278 771 310 exsultatione
792 283 900 320 patres
926 281 1100 319 extraxisti,

454 324 507 355 Ad
534 325 636 356 caelos
660 334 759 365 usque
784 327 885 359 victor
909 330 1011 359 tecum
1038 328 1206 366 deduxisti,

455 371 593 403 Vestitos
620 372 799 413 duplicibus
823 375 909 413 patri
932 376 1153 414 praesentasti.

452 438 532 478 Ave,
559 437 612 478 qui
639 438 857 472 detrahentem
880 440 1024 478 proximo

454 483 558 516 Corde
581 485 781 525 persequeris
807 489 839 517 et
862 486 976 526 animo,

453 531 505 563 Da
529 532 576 562 sic
601 540 671 564 cum
696 533 839 571 proximo
864 533 1035 574 ambulare,

453 578 500 610 Te
523 579 652 610 tandem
678 582 712 610 ut
734 580 890 619 possimus
917 581 1035 615 videre.

593 663 743 694 Tertia
767 663 1080 704 Quinquagena.

416 752 423 759 .
449 729 529 767 Ave⁷
557 728 638 768 Iesu,
666 728 719 767 qui
743 729 777 760 in
802 731 963 760 aeternum
986 738 1162 769 permanes,

449 774 498 808 Tu
522 784 579 806 nos
604 775 704 815 dirige
729 778 879 815 actusque
902 779 1027 808 nostros
1049 785 1165 819 omnes,

448 822 498 853 Ne
523 822 648 862 quando
674 822 869 862 exprobrent
892 823 982 854 nobis
1006 823 1136 862 inimici,

448 868 505 901 Uti
530 867 654 900 foenum
680 870 707 900 si
730 879 788 901 nos
813 870 952 901 viderint
976 869 1097 904 confici.

448 937 526 977 Ave,
554 936 608 975 qui
631 935 738 974 Moysi
761 938 852 967 notas
877 936 944 967 vias
969 934 1083 974 fecisti,

447 982 539 1014 Filiis
565 983 666 1014 Israel
691 991 779 1013 mare
803 982 967 1021 aperuisti,

447 1029 496 1061 Tu
520 1038 560 1060 ne
583 1030 616 1059 in
640 1032 827 1068 perpetuum
851 1029 942 1060 nobis
965 1029 1125 1069 irascaris,

449 1076 507 1115 Qui
531 1076 726 1115 sperantium
750 1076 784 1106 in
809 1079 841 1106 te
865 1084 991 1115 semper
1012 1076 1182 1108 misereris,

448 1152 528 1190 Ave,
554 1151 606 1190 qui
633 1159 666 1181 es
691 1159 767 1182 vera
791 1150 956 1190 solidaque
981 1153 1081 1189 petra,

447 1198 495 1229 Tu
521 1198 611 1229 nobis
636 1207 655 1228 a
679 1201 771 1237 patre
795 1197 919 1229 veniam
943 1198 1080 1236 impetra

444 1245 497 1283 Et,
525 1245 577 1284 qui
602 1245 635 1275 in
660 1253 716 1276 nos
740 1247 831 1283 potes
858 1253 966 1275 creare
990 1252 1044 1275 cor
1067 1244 1229 1275 mundum.

445 1292 512 1324 Fac
535 1291 594 1322 tibi
620 1294 760 1323 nostrum
787 1291 943 1331 eloquium
967 1292 1148 1323 iucundum.

447 1369 527 1407 Ave,
553 1367 605 1406 qui
631 1367 664 1398 in
689 1368 834 1407 Aegypto
859 1367 949 1406 signa
973 1366 1140 1397 ostendisti

445 1414 490 1446 Et
509 1414 612 1454 plagis
637 1413 744 1445 multis
768 1414 943 1453 Aegyptios
968 1412 1110 1452 affecisti,

445 1461 497 1492 Da
520 1461 620 1501 nobis,
648 1461 707 1492 hac
734 1461 773 1492 de
795 1462 942 1501 Aegypto
966 1463 1002 1492 ut
1025 1460 1151 1491 liberati

448 1508 500 1539 Ad
525 1511 557 1539 te
581 1509 796 1548 pertingamus
823 1508 939 1539 virtute
963 1508 1096 1539 onerati.

449 1584 529 1623 Ave,
555 1591 645 1623 quem
672 1582 857 1614 offendimus
881 1583 998 1613 nostris
1025 1591 1094 1613 cum
1120 1582 1275 1622 patribus

447 1630 599 1661 Misertus
624 1630 724 1661 nostri
749 1638 845 1669 parce
869 1630 1100 1669 iniquitatibus,

449 1677 575 1708 Nomini
600 1680 709 1709 sancto
734 1680 787 1707 tuo
812 1680 847 1707 ut
873 1675 1077 1708 confiteamur

447 1725 577 1764 Tuaque
601 1725 703 1764 gloria
725 1722 848 1763 perfrui
873 1732 1060 1755 mereamur.

445 1801 525 1839 Ave,
551 1800 634 1841 Iesu,
662 1799 714 1838 qui
740 1799 859 1830 animas
884 1799 981 1830 satias
1006 1798 1097 1829 bonis

445 1848 510 1880 Eas
535 1855 674 1887 servans,
701 1855 741 1877 ne
766 1846 961 1877 adhaereant
985 1846 1079 1876 rebus
1105 1845 1206 1881 vanis,

445 1895 494 1927 Tu
519 1904 575 1926 nos
600 1894 747 1925 sedentes
772 1893 805 1924 111
829 1893 968 1924 tenebris
993 1892 1147 1932 illumina,

446 1943 515 1974 Tua
540 1941 664 1981 eloquia
689 1943 722 1972 ut
746 1941 810 1971 sint
835 1940 924 1971 nobis
951 1948 1091 1974 amoena.

446 2019 525 2058 Ave,
551 2017 583 2048 in
609 2026 669 2057 quo
696 2017 861 2048 credentes
887 2014 992 2047 fecere
1017 2016 1176 2054 virtutem,

445 2065 484 2098 In
510 2074 569 2105 quo
595 2064 722 2104 tyranni
749 2063 933 2096 devicerunt
955 2066 1155 2103 potestatem,

446 2113 484 2145 In
510 2115 595 2144 tuam
623 2112 726 2143 deduc
749 2120 806 2143 nos
831 2111 982 2142 munitam
1010 2111 1179 2148 civitatem,

445 2161 484 2193 In
509 2169 571 2200 qua
595 2159 781 2191 habebimus
806 2167 929 2190 omnem
954 2157 1151 2191 felicitatem.

443 2239 523 2279 Ave,
551 2236 633 2274 1esu,
661 2244 721 2275 quo
747 2234 916 2274 operimur,
947 2234 1176 2272 vestimentum,

444 2285 633 2317 Nostrarum
661 2285 727 2314 esto
752 2282 916 2313 immemor
939 2281 1150 2321 iniquitatum,

443 2333 631 2369 Induantur,
659 2330 712 2370 qui
739 2329 906 2361 detrahunt
931 2329 1031 2367 nobis,
1058 2328 1191 2368 pudore,

443 2380 515 2412 Tibi
541 2383 649 2411 nostro
675 2381 709 2409 ut
735 2375 939 2408 confiteamur
963 2377 996 2408 in
1020 2385 1085 2407 ore.
