1650 2612
741 121 974 156 -86-

229 221 284 253 45.
309 220 386 262 Ave,
413 220 495 259 Iesu,
522 222 553 250 te
578 219 724 258 surgente

225 519 278 550 46.

227 818 282 849 47.

308 265 405 298 Flore
428 275 507 298 novo
531 274 620 305 quam
647 266 778 303 repente

355 313 507 345 Creatura
531 311 694 352 germinat,

309 359 379 391 Hac
402 359 549 391 nimirum
573 359 606 389 in
630 356 740 397 figura,

309 406 426 437 Nostra
449 405 529 436 mori
553 405 636 444 quod
661 406 775 435 natura

354 451 557 491 Resurgendo
584 451 716 483 desinat.

305 518 383 552 Ave,
409 518 492 555 Iesu,
518 517 572 547 lux
599 516 765 556 caelorum,

308 563 409 595 Choro
433 566 514 594 teste
539 563 719 602 angelorum

354 610 448 642 Vivus
473 610 574 649 surgis
598 609 727 646 tumulo,

305 657 350 689 Ut
374 657 524 688 caelestes
550 659 582 687 et
605 655 723 687 terreni

306 704 526 735 Foederentur
550 711 633 734 nexu
657 703 719 733 leni

354 750 502 783 Caritatis
527 750 664 782 vinculo.

308 818 386 856 Ave,
413 817 494 854 Iesu,
522 824 614 855 quam
634 815 749 847 decora

308 863 369 895 Illa
394 861 484 894 fulsit
505 864 580 893 tunc
604 863 636 893 in
662 863 740 894 hora

352 909 556 948 Resurgentis
581 908 714 948 species,

307 956 374 994 Qua
398 955 537 995 fulgente
561 958 740 995 renovatur,

307 1003 396 1034 Novo
420 1001 498 1033 flore
523 1005 716 1041 purpuratur

352 1049 477 1081 Maesta
500 1049 610 1080 mundi
632 1047 740 1081 facieS.

903 218 946 250 48

903 516 958 547 49.

901 815 956 846 50.

951 244 958 251 .
985 217 1065 258 Ave,
1091 217 1174 258 Iesu,
1202 216 1274 248 dum
1299 214 1436 255 fulgeres

981 263 1185 303 Resurgendo
1207 271 1306 295 novus
1329 262 1421 293 heres

1029 309 1125 350 Caeli,
1153 312 1257 341 terrae
1282 309 1414 350 pariter,

981 357 1112 389 Fratres
1136 359 1206 387 tuos
1233 355 1392 395 expetisti,

979 402 1145 434 Dubitanti
1170 402 1345 442 praebuisti

1028 449 1074 480 Te
1097 449 1288 488 tangendum
1313 448 1459 481 dulciter.

984 516 1063 555 Ave,
1090 514 1172 554 Iesu,
1197 513 1324 556 blande,
1352 513 1443 553 lenis,

981 561 1039 599 Qui
1066 560 1175 592 diebus
1202 563 1313 599 quater
1339 560 1428 591 denis

1028 607 1162 639 Demum
1187 606 1422 646 exspirantibus

980 654 1033 686 Ad
1051 654 1209 685 caelorum
1226 662 1347 685 summa
1364 653 1503 693 scandis,

982 700 1129 733 Paradisi
1155 701 1293 732 claustra
1317 701 1433 740 pandis

1028 748 1104 779 Tuis
1130 747 1337 779 amatoribus.

981 814 1060 853 Ave,
1086 813 1169 853 Iesu,
1197 812 1300 845 factor
1323 813 1414 853 lucis,

982 859 1091 899 Sputa,
1125 858 1234 900 flagra,
1260 861 1380 899 probra
1405 861 1506 892 crucis

1029 906 1192 939 Gloriosus
1218 915 1358 946 superas,
1443 931 1461 943 ,η

979 953 1061 985 Dum
1086 954 1231 985 ascendis
1259 953 1432 997 iubilando,

980 1001 1068 1032 Patri
1091 1000 1159 1032 Deo
1185 1002 1405 1039 conregnando

1026 1047 1124 1090 Ades,
1148 1048 1234 1079 unde
1258 1056 1400 1080 veneras.

612 1151 762 1183 Tertia
785 1151 886 1190 Quin
900 1160 1096 1191 quagena.

251 1260 258 1267 .
283 1238 362 1276 Ave,
387 1237 469 1278 Iesu,
496 1245 588 1276 quam
613 1244 723 1267 sereno

283 1283 397 1315 Mundi
420 1284 511 1314 huius
535 1283 595 1314 hoc
617 1283 656 1314 de
682 1291 776 1314 caeno

331 1329 461 1361 Sursum
484 1330 600 1369 migras
626 1331 763 1371 pectore,

283 1376 380 1408 Totus
403 1376 545 1416 pulcher,
570 1376 749 1419 luminosus,

284 1423 385 1462 Super
409 1423 506 1454 solem
531 1423 691 1462 speciosus

328 1470 502 1501 Immortali
529 1478 669 1509 corpore.

250 1561 256 1567 .
282 1536 360 1575 Ave,
384 1536 467 1575 Iesu,
494 1544 584 1575 quam
610 1535 781 1572 mirandus,

280 1583 377 1621 Quam
388 1583 530 1622 decorus,
538 1592 628 1622 quam
636 1582 827 1621 spectandus

351 1629 507 1661 Ascendis
532 1630 565 1660 in
589 1629 697 1669 iubilo,

283 1675 369 1707 Luce
392 1676 504 1715 plenus
530 1676 713 1716 gaudiorum

281 1722 357 1754 Alta
381 1723 473 1762 petis,
500 1732 558 1754 rex
585 1724 752 1763 caelorum,

327 1769 426 1801 Terso
452 1770 554 1801 carnis
579 1770 696 1803 nubilo.

249 1859 256 1867 .
282 1836 360 1873 Ave,
386 1835 468 1877 Iesu,
493 1836 539 1866 sic
563 1836 689 1878 levaris,

281 1882 333 1914 Sic
357 1882 489 1913 amictus
515 1883 664 1914 exaltaris

328 1928 521 1960 Vestimento
546 1929 681 1968 luminis,

284 1975 336 2007 Sic
360 1984 379 2006 a
400 1977 487 2007 terra
507 1976 703 2018 sublimatur,

285 2021 387 2060 Super
412 2022 514 2053 caelos
540 2023 698 2054 exaltatur

326 2068 403 2100 Flos
428 2069 580 2108 assumpti
605 2069 749 2102 hominis

279 2134 359 2175 Ave,
384 2134 466 2175 Iesu,
491 2134 550 2166 tibi
570 2135 665 2174 mille,

280 2181 473 2221 Angelorum
499 2184 604 2213 coetus
628 2182 683 2213 ille

328 2228 471 2260 Occurrit
497 2237 566 2260 cum
588 2229 743 2272 laudibus,

281 2275 370 2307 Patri
394 2275 496 2307 victor
519 2277 742 2318 praesentaris,

281 2322 404 2354 Dextra
428 2323 494 2354 eius
519 2323 683 2355 collocaris

328 2369 430 2411 Signis
457 2379 525 2402 cum
550 2370 741 2404 victricibus,

901 1238 930 1268 5.

897 1537 927 1568 6.

957 1237 1036 1275 Ave,
1061 1237 1143 1275 Iesu,
1168 1235 1232 1267 dux
1256 1235 1371 1276 fidelis,

957 1282 1010 1314 Sic
1035 1286 1177 1314 exortum
1202 1285 1250 1313 est
1273 1283 1307 1314 in
1332 1282 1427 1314 caelis

1002 1329 1122 1361 Lumen
1146 1328 1342 1367 indeficiens,

954 1375 1076 1407 Lumen
1100 1376 1206 1409 vivum
1231 1377 1412 1415 electorum,

956 1422 1119 1455 Suavitate
1142 1423 1329 1463 gaudiorum

1024 1470 1164 1509 Angelos
1189 1469 1346 1504 reficienS.

954 1536 1034 1575 Ave,
1059 1536 1142 1576 Iesu,
1168 1535 1226 1568 flos
1252 1537 1377 1577 decore,

954 1583 1037 1615 Mire
1062 1581 1185 1623 fulgens
1210 1584 1241 1615 in
1267 1584 1397 1625 honore,

1001 1630 1148 1670 Regnans
1173 1639 1269 1670 super
1291 1630 1409 1672 sidera,

957 1677 1041 1709 Tuos
1068 1677 1172 1709 vultus
1196 1686 1255 1717 per
1281 1686 1410 1709 serenos

954 1721 1045 1756 Inter
1068 1724 1170 1756 Deum
1197 1728 1229 1756 et
1252 1727 1395 1756 terrenos

1001 1771 1117 1811 Pangis
1141 1772 1230 1812 pacis
1255 1770 1396 1804 foedera.

922 1861 928 1868 .
953 1837 1032 1875 Ave,
1059 1837 1141 1874 Iesu,
1168 1845 1224 1869 rex
1249 1840 1388 1880 aeterne,

956 1883 1050 1922 Tuos,
1077 1892 1160 1925 ecce,
1187 1892 1276 1915 caros
1303 1892 1399 1916 cerne

1002 1930 1092 1962 Votis
1117 1930 1360 1972 suspirantibus,

954 1977 1037 2009 Dum
1062 1977 1207 2009 ascendis
1231 1978 1314 2009 nube
1335 1979 1450 2021 laetus,

955 2023 1024 2055 Stat
1050 2032 1192 2055 carorum
1213 2024 1270 2055 ille
1294 2028 1401 2058 coetus

1001 2070 1091 2102 Fixis
1114 2073 1188 2110 post
1212 2074 1244 2102 te
1268 2072 1409 2106 nutibus,

895 2136 926 2168 8.
951 2136 1031 2175 Ave,
1056 2136 1138 2178 Iesu,
1165 2139 1266 2168 morte
1290 2138 1377 2170 tristi

955 2182 1008 2215 Sic
1033 2191 1167 2223 regnare
1190 2184 1336 2216 meruisti

1000 2230 1111 2263 Victor
1134 2230 1168 2262 in
1193 2231 1391 2274 caelestibus,

953 2276 1122 2316 Nunquam
1145 2278 1208 2309 tuis
1231 2277 1408 2322 defuturus,

953 2324 1081 2356 Patrem
1105 2324 1196 2356 nobis
1219 2326 1402 2365 placaturus

1000 2371 1142 2404 ostensis
1166 2372 1361 2409 vulnen‘bus,
