1650 2612
181 207 236 240 31.

176 614 232 647 32.

172 1020 226 1053 33.

687 116 941 152 —203-

262 206 343 248 Ave,
370 208 400 239 in
428 218 490 249 qua
513 211 614 242 texuit

309 254 395 286 Deus
421 265 510 288 suum
535 267 671 300 saccum,

259 302 296 334 In
323 311 383 342 quo
410 303 483 335 dum
509 306 701 345 compescuit

304 349 397 382 Adae
420 350 618 393 forefactum,

258 397 394 429 Iudaeus
419 398 563 432 innexuit

309 445 404 486 cruci,
432 446 488 477 sed
514 450 585 486 post
611 446 745 479 fractum

258 489 422 523 Infernum
449 494 649 533 resplenduit

303 547 363 578 per
385 540 516 571 verbum
543 541 705 573 intactum.

262 616 339 653 Ave,
366 617 398 646 et
421 616 574 655 accelera,

303 664 338 692 ut
362 661 402 693 ab
428 663 520 695 hoste
544 666 638 704 tutes,

256 709 314 747 Qui
342 711 374 739 te
398 712 506 741 amant
527 713 637 742 tenera

302 759 416 796 mente,
443 756 542 799 virgo,
565 758 663 799 iuves,

257 803 370 836 Cordis
397 813 490 835 sanes
515 804 647 837 vulnera

301 851 494 891 animaeque,
520 861 620 892 cures,

253 896 411 929 Auferant
433 908 474 930 ne
498 907 614 939 supera

302 945 473 977 animarum
501 944 597 979 fures.

252 1020 332 1063 Ave,
359 1030 430 1051 nam
455 1022 638 1060 peccamina

300 1075 359 1105 per
383 1070 415 1098 te
440 1071 656 1108 conteguntur,

255 1113 345 1145 Licet
369 1114 433 1145 sint
454 1115 612 1155 immania,

299 1161 325 1191 si
350 1170 412 1192 non
437 1162 683 1202 absconduntur,

250 1208 313 1239 Sed
339 1216 541 1247 quaecunque
564 1210 662 1240 tacita

298 1253 427 1295 fuerint,
454 1256 638 1295 prodentur,

252 1302 329 1334 Cum
353 1302 395 1334 ad
419 1303 516 1334 ictum
542 1303 624 1334 oculi

301 1348 384 1380 facta
409 1350 584 1390 exigentur.

165 1426 219 1457 34.
246 1426 325 1467 Ave,
352 1425 448 1457 verbo
472 1424 601 1456 Domini

165 1834 220 1866 35.

163 2246 218 2279 36.

298 1472 386 1503 cuius
410 1476 623 1512 praeparatur

249 1520 377 1559 Uterus‚
405 1528 474 1551 cum
500 1519 619 1551 homini

296 1566 399 1607 ipsum
426 1568 594 1605 adunatur,

247 1614 281 1646 Is
306 1623 377 1645 nam
404 1614 488 1646 vitae
511 1614 582 1645 solii

293 1664 330 1692 ut
355 1662 476 1693 caelum
499 1660 654 1701 firmatur,

252 1710 376 1742 Virtute
401 1707 548 1741 altissimi

296 1764 365 1787 cum
391 1757 437 1788 sic
461 1755 678 1789 obumbratur.

246 1833 328 1872 Ave,
354 1841 433 1872 quae
458 1832 567 1863 suavia

295 1880 429 1920 gustasti
456 1880 496 1912 de
520 1879 588 1911 Deo

245 1929 289 1961 Et
313 1936 445 1968 sperans
471 1927 630 1967 magnalia

290 1974 360 2007 fieri
387 1976 427 2007 de
452 1983 499 2013 eo,

245 2023 320 2056 Tibi
345 2023 448 2055 credit
472 2020 590 2054 famina

293 2072 395 2103 nuntii
420 2071 460 2103 de
487 2070 583 2112 caelo,

244 2119 419 2160 Spondenti
446 2118 563 2150 similia

291 2167 420 2199 homine
446 2166 486 2198 de
509 2174 572 2197 reo.

245 2246 325 2284 Ave,
351 2242 590 2284 propugnacula

290 2292 391 2324 hostis
417 2299 497 2332 quae
521 2298 692 2330 expugnas,

242 2340 396 2372 Toxicata
419 2338 524 2371 iacula

295 2388 381 2420 cuius
408 2396 476 2419 cum
501 2387 679 2427 impugnas,

855 430 910 463 37.

852 836 905 867 38.

849 1239 903 1270 39.

846 1645 902 1677 40.

843 2056 898 2089 41.

938 214 995 253 Qui
1021 215 1093 245 sunt
1116 213 1184 244 sine
1206 212 1339 251 macula,

985 261 1024 293 ab
1049 260 1099 291 his
1123 269 1183 291 non
1210 259 1347 300 elongas,

937 307 1000 340 Sed
1025 307 1153 347 quaevis
1178 307 1341 339 obstacula

982 355 1077 387 noxia
1100 354 1295 394 pessumdaS.

935 430 1015 471 Ave,
1042 438 1120 469 quae
1145 429 1311 470 superbiae

982 476 1094 517 pedem
1120 476 1307 516 amputabis,

937 524 1061 563 Typum
1086 524 1284 564 arrogantiae

982 571 1089 610 procul
1117 568 1298 602 exsufflabis

939 618 978 649 Et
1001 617 1126 649 furnum
1150 617 1319 649 iactantiae

980 667 1052 704 post
1076 664 1310 704 exterminabis,

935 711 1012 743 Cum
1037 712 1121 743 vires
1145 711 1303 752 nequitiae

981 767 1132 799 superare
1155 758 1255 792 dabis.

932 834 1009 877 Ave,
1038 834 1191 874 sapientia

977 883 1064 913 cuius
1090 882 1269 922 meditatur,

934 929 1028 961 Cuius
1054 931 1085 958 et
1111 928 1275 959 clementia

978 976 1085 1015 lingua
1108 975 1276 1015 iudicatur,

931 1022 1015 1053 Vera
1039 1022 1218 1053 innocentia

976 1072 1012 1100 ut
1035 1069 1229 1107 restituatur,

932 1114 1040 1155 Nobis,
1067 1115 1128 1148 Dei
1153 1114 1280 1155 famula,

978 1172 1037 1202 per
1059 1165 1092 1193 te
1117 1162 1307 1195 conferatur.

929 1238 1010 1280 Ave,
1037 1246 1117 1277 quae
1143 1238 1264 1270 deliciis

977 1285 1057 1317 caeli
1082 1285 1250 1317 delectaris

928 1332 972 1363 Et
994 1333 1028 1363 in
1053 1332 1201 1363 amicitiis

976 1379 1082 1420 sponsi
1107 1379 1319 1420 commoraris,

927 1426 994 1459 Mel
1019 1430 1091 1458 tuae
1117 1426 1293 1459 dulcedinis

974 1474 1065 1506 nobis
1088 1474 1271 1513 instillabis,

928 1521 958 1552 A
983 1523 1046 1553 tuis
1071 1520 1226 1553 famelicis

971 1570 1019 1600 uti
1045 1570 1192 1608 capiaris.

928 1645 1009 1687 Ave,
1036 1645 1085 1676 cni
1110 1645 1248 1685 suspiria

972 1702 1035 1724 non
1059 1694 1133 1723 sunt
1156 1692 1314 1724 occultata

924 1740 1030 1780 Atque
1056 1739 1214 1771 desideria

971 1790 1080 1819 nostra
1104 1789 1276 1826 reservata,

926 1835 1020 1867 Fiant
1044 1834 1220 1867 ministeria

971 1885 1079 1914 nostra
1103 1881 1162 1913 tibi
1186 1885 1277 1922 grata

926 1930 967 1961 Et
991 1931 1034 1961 sit
1057 1938 1076 1960 a
1101 1929 1230 1961 miseria

970 1982 1078 2009 nostra
1103 1986 1171 2009 sors
1197 1977 1314 2011 oblata.

923 2055 1001 2093 Avo,
1027 2062 1107 2095 quae
1132 2054 1308 2086 custodiam

972 2103 1020 2134 ori
1044 2102 1188 2142 posuisti,

922 2151 999 2183 Cum
1024 2157 1083 2181 nec
1107 2149 1149 2181 ad
1174 2149 1349 2190 angelicum

969 2206 1027 2229 ave
1051 2197 1254 2237 respondisti,

924 2245 955 2277 A
980 2253 1057 2277 nece
1081 2246 1296 2284 peccaminum

972 2293 1092 2325 redime
1116 2301 1165 2324 me
1190 2293 1284 2334 tristi,

924 2340 1050 2373 Ducens
1076 2340 1117 2372 ad
1141 2340 1295 2382 palatium

972 2388 1157 2430 gaudiorum
1183 2388 1312 2424 Christi.
