1650 2612
204 204 261 236 42.

714 123 752 128 —-
801 101 964 137 204—-

284 202 363 243 Ave,
388 198 575 233 sacrificium

333 258 413 289 quae
435 247 579 278 mactasti
602 254 726 277 sacrum

285 296 327 327 Et
353 296 420 327 Deo
444 293 658 333 pectusculum

332 340 529 382 praeparasti
551 342 683 379 gratum,

284 390 412 421 Pondus
435 387 520 426 pelle
542 386 704 429 scelerum,

331 436 414 467 salus
440 434 623 473 animarum,

284 482 373 521 Quod
398 483 446 512 est
468 490 565 519 supra
589 489 750 511 numerum

327 530 390 560 iam
413 527 665 566 multiplicatum.

204 595 257 627 43.
282 595 362 633 Ave,
389 601 468 633 quae
490 592 648 632 intellegis

207 987 262 1018 44.

209 1369 264 1401 45.

205 1753 259 1784 46.

333 649 427 680 super
450 639 654 679 indigentem,

284 688 324 719 Ei
350 695 472 727 quoque
495 686 608 717 tribuis

333 735 465 774 gratiam
488 733 655 772 ingentem,

288 781 350 813 Sed
375 784 408 811 te
432 788 556 819 semper
582 780 686 820 diligis

333 836 406 859 vere
432 827 621 866 diligentem,

286 875 333 906 Tu
362 883 404 914 es,
431 882 510 912 quae
530 882 591 904 non
618 873 763 914 despicis,

333 930 413 961 quae
435 923 468 951 te
492 920 576 962 colit,
602 924 746 952 mentem.

288 987 367 1022 Ave,
394 994 484 1025 quam
512 986 655 1017 desidero

333 1034 415 1063 sieut
439 1040 548 1063 cervus
571 1031 699 1071 fontem,

287 1080 374 1111 Tuae
400 1088 468 1110 cum
493 1079 656 1110 considero

332 1126 460 1165 pietatis
486 1124 632 1164 frontem,

285 1173 332 1205 Ut
353 1173 455 1204 vitare
477 1172 608 1213 valeam,

336 1220 435 1257 dabis,
462 1219 673 1250 Acherontem

285 1267 330 1297 Et
351 1265 479 1297 tandem
502 1266 683 1304 perveniam

334 1314 375 1344 ad
402 1312 557 1343 caelorum
582 1316 728 1345 montem.

292 1369 370 1406 Ave,
397 1368 595 1399 militantium

333 1416 366 1446 in
389 1415 553 1454 procinctu
578 1415 712 1454 ductrix,

288 1462 424 1493 Tuorum
449 1462 651 1500 pugnantium

333 1509 425 1540 docta
448 1509 685 1548 propugnatrix,

286 1554 388 1594 Digne
412 1555 669 1594 triumphantium

332 1603 388 1641 pia
413 1603 601 1641 coronatrix,

288 1649 360 1680 Tibi
385 1648 600 1681 famulantium

334 1696 376 1727 sis
402 1696 593 1727 auxiliatrix.

285 1752 365 1791 Ave,
392 1755 424 1783 et
445 1751 478 1782 in
504 1752 632 1783 auribus

334 1800 411 1831 haec
434 1807 495 1830 vox
521 1800 718 1831 convalescat

287 1846 372 1885 Tuis,
398 1849 434 1877 ut
456 1846 488 1876 in
512 1846 658 1878 laudibus

332 1897 438 1924 noster
463 1902 550 1924 amor
575 1898 705 1934 crescat,

875 404 929 435 47.

876 799 930 831 48.

873 1182 928 1213 49.

875 1567 928 1598 50.

954 197 1031 235 Quia
1055 197 1115 229 hoc
1138 206 1157 228 a
1180 196 1324 237 patribus

999 245 1176 276 nuntiatum
1200 246 1313 285 exstat,

954 290 991 322 In
1018 290 1263 322 adversitatibus

1002 338 1085 377 quod
1110 337 1250 368 solamen
1273 340 1428 376 praestat.

957 404 1035 443 Ave,
1062 403 1148 435 cuius
1173 402 1259 434 labia

1001 452 1103 491 gratia
1128 448 1283 491 perflavit,

954 497 1046 541 Dum,
1074 497 1155 537 quod
1181 497 1336 537 sapientia

1000 545 1100 584 patris
1126 544 1290 583 eructavit,

954 592 1092 624 Verbum
1116 594 1170 622 tua
1195 591 1316 623 viscera

1002 639 1048 670 ita
1073 638 1269 670 consecravit

953 685 997 717 Et
1019 685 1181 726 pugnandi
1205 686 1342 725 tegmina

1000 732 1045 764 ibi
1068 732 1246 764 fabricavit.

957 799 1036 838 Ave,
1064 807 1155 838 quam
1183 798 1320 829 diluculo

1000 854 1091 877 mane
1117 844 1306 876 confortavit

954 892 1051 933 Deus,
1078 901 1147 923 cum
1172 892 1211 923 de
1235 892 1353 923 tumulo

1005 948 1039 970 se
1063 939 1271 980 resuscitavit,

955 986 1157 1026 Testiumque
1181 994 1309 1016 numero

1002 1033 1108 1063 vivere
1132 1033 1269 1071 signavit

956 1079 996 1111 Se
1021 1082 1053 1110 ct
1077 1080 1136 1110 hoc
1158 1079 1276 1110 indicio

1002 1126 1165 1157 vulnerum
1188 1125 1336 1160 firmavit,

954 1182 1033 1222 Ave,
1061 1181 1110 1213 cui
1133 1182 1286 1220 plaudere

1002 1237 1108 1259 omnes
1135 1228 1251 1259 debent
1275 1233 1393 1267 gentes,

956 1275 1028 1314 Ore,
1055 1274 1149 1306 corde
1172 1275 1309 1313 psallere

1001 1330 1110 1353 sanum
1134 1322 1304 1363 sapientes,

956 1368 1037 1399 Nam
1061 1369 1162 1399 nescis
1187 1370 1346 1409 negligere

1002 1416 1059 1446 tibi
1084 1416 1266 1455 servientes,

956 1462 1051 1493 Sueta
1074 1465 1147 1501 post
1175 1466 1206 1493 te
1231 1463 1366 1504 trahere,

1004 1518 1080 1548 quas
1104 1512 1138 1539 tu
1163 1510 1277 1548 reples,
1304 1514 1435 1544 mentes,

954 1566 1033 1606 Ave,
1060 1574 1148 1596 mons
1171 1569 1202 1596 et
1227 1567 1337 1598 civitas

1003 1616 1111 1644 sancta
1138 1613 1221 1653 regis
1245 1615 1360 1654 magni,

958 1660 1052 1691 Cuius
1078 1663 1126 1691 est
1149 1661 1330 1702 antiquitas,

1003 1714 1103 1746 neque
1128 1707 1242 1738 desunt
1265 1710 1349 1748 anni,

957 1753 1035 1785 Eius
1060 1754 1148 1785 venit
1175 1755 1274 1787 deitas

1003 1801 1035 1832 in
1059 1805 1100 1839 te,
1126 1804 1162 1832 ut
1184 1804 1310 1842 tyranni

957 1847 1115 1880 Deserens
1139 1849 1299 1890 iniquitas,

1005 1905 1078 1927 oves
1104 1896 1199 1927 simus
1227 1899 1310 1937 agni.

570 1968 766 2001 Secunda
789 1970 1103 2011 Quinquagena.

254 2051 261 2057 .
287 2025 366 2063 Ave,
392 2023 553 2054 meditatio

335 2071 423 2101 cordi
447 2078 514 2101 meo
539 2074 639 2110 grata,

289 2117 408 2148 Terrae
432 2118 590 2155 generatio

333 2173 392 2203 per
415 2166 448 2193 te
471 2168 627 2203 reparata,

287 2211 360 2242 Tibi
384 2210 550 2242 exsultatio

337 2260 460 2289 constat
481 2258 637 2289 cumulata

290 2305 335 2337 Et
358 2306 426 2337 Deo
450 2304 587 2343 placatio

339 2361 411 2384 cara
437 2357 628 2385 consecrata.

900 2027 931 2058 2.

956 2027 1037 2067 Ave,
1064 2028 1152 2060 cuius
1176 2031 1282 2068 specie

1003 2075 1116 2107 mentis
1142 2076 1314 2109 delectatus

958 2123 1051 2154 Hanc
1070 2122 1185 2153 vallem
1210 2125 1356 2157 miseriae

1008 2168 1150 2201 Christus
1175 2176 1223 2201 est
1248 2172 1394 2212 dignatus

959 2216 1046 2247 Tuae
1073 2217 1175 2248 carnis
1200 2218 1302 2250 visere

1008 2267 1121 2295 natura
1143 2264 1267 2297 velatus

960 2310 1005 2341 Et
1029 2311 1178 2342 mundum
1202 2313 1358 2347 redimere

1008 2366 1065 2397 per
1090 2356 1225 2391 foratum
1251 2361 1343 2396 latus.
