1650 2612
662 123 896 162 *85*

137 219 190 253 31.
217 221 298 262 Ave,
324 220 407 264 Iesu,
434 229 541 253 omnes
565 222 634 254 iuro

218 269 265 300 Te
291 267 460 309 deplorant
486 272 660 308 creaturae,

263 315 366 347 Terra
390 318 529 348 tremens
554 317 705 356 quatitur,

218 362 301 394 Solis
325 361 419 395 iubar
443 362 642 405 obscuratur,

215 409 357 441 Mundus
382 413 477 442 nocte
501 409 665 450 fatigatur,

266 456 379 488 Velum
404 458 517 497 templi
542 458 707 490 scinditur.

136 544 190 577 32.
218 542 302 581 Ave,
328 544 413 582 Iesu,
439 546 495 575 tua
519 545 622 575 morte

219 590 399 622 Patuerunt
423 590 534 622 mortis
560 593 681 631 portae,

270 637 383 669 Petras
408 637 529 677 frangit
553 637 673 679 scissio,

219 683 323 715 Deum
349 693 477 725 passum
501 684 547 715 sic
571 693 591 715 a
614 683 706 715 malis

221 731 423 763 Protestatur
446 730 557 762 mundi
581 731 641 762 alis

270 778 441 811 Machinae
467 778 642 811 commotio.

140 865 194 897 33.
221 865 301 904 Ave,
327 863 410 905 Iesu,
436 862 483 895 ibi
506 862 572 894 fixa

221 912 322 951 Virgo
346 911 454 943 stabat
478 918 572 941 cruce
593 911 681 948 nixa,

268 958 429 991 Moritura
452 957 584 998 pariter,

222 1005 366 1038 Tandem
392 1006 435 1038 ad.
459 1012 494 1036 sc
520 1004 729 1036 disclavatum

224 1053 347 1093 Corpus
372 1052 459 1092 rapit
484 1054 682 1083 cruentatum

270 1099 452 1132 osculando
476 1098 622 1131 dulciter.

140 1177 195 1209 34.
218 1177 300 1216 Ave,
327 1175 410 1214 lesu,
435 1173 494 1206 flos
520 1173 686 1212 exstincte,

221 1222 339 1261 Genae,
365 1229 487 1261 manus,
509 1223 614 1253 vestes
630 1221 750 1252 tinctae

265 1269 461 1302 Madescunt
483 1268 515 1300 in
542 1268 675 1308 virgine,

220 1318 306 1357 Quae
325 1316 398 1348 dum
415 1318 524 1348 natum
538 1315 747 1356 amplexatur,

219 1364 304 1396 Dum
329 1366 494 1395 cruentum
519 1363 679 1394 oseulatur

269 1411 337 1443 Tuo
360 1410 454 1442 rubet
480 1410 642 1450 sanguine.

138 1489 194 1521 35.
219 1488 300 1527 Ave,
325 1485 410 1527 Iesu,
438 1485 530 1518 dolor
553 1486 638 1525 talis,

219 1533 367 1566 Eiulatus
393 1533 559 1573 virginalis

265 1580 363 1613 Nullo
390 1589 467 1613 aevo
493 1580 635 1620 cognitus

221 1627 417 1661 Resolvebat
441 1628 474 1659 in
497 1627 672 1659 lamentum

222 1676 313 1708 Dura
336 1674 415 1706 licet
434 1675 614 1706 intuentum

269 1723 405 1755 Pectora
429 1721 624 1755 medullitus,

138 1800 194 1832 36.
220 1799 301 1839 Ave,
328 1797 412 1840 Iesu,
438 1796 497 1830 flos
524 1796 650 1839 dilecte,

223 1847 324 1885 Quam
350 1845 537 1888 prudenter,
564 1853 660 1884 quam
680 1852 753 1883 per-

528 1890 612 1924 fecte

271 1939 412 1974 Mortem
435 1941 579 1974 nostram
604 1947 747 1980 superas,

226 1989 276 2032 [I‘u
292 1997 357 2020 non
370 1987 489 2020 habens
504 1996 631 2020 causam
643 1986 755 2019 mortis

225 2037 293 2069 Nos
318 2045 339 2068 a
362 2038 476 2078 morte,
500 2035 569 2067 vita
592 2034 696 2073 fortis,

271 2083 442 2117 Moriendo
465 2082 595 2117 liberas

127 2162 187 2195 37.
215 2161 295 2201 Ave,
322 2159 406 2200 Iesu,
434 2158 493 2192 flos
518 2160 695 2201 praeclare,

220 2207 383 2240 Passionis
407 2210 473 2240 tam
499 2216 626 2240 amarae

267 2255 456 2295 Degustasti
482 2255 641 2299 poculum,

219 2303 351 2335 Fortem
377 2303 471 2335 illum
495 2304 531 2334 ut
554 2303 683 2344 ligares,

217 2350 358 2383 Mortem
385 2354 487 2383 morte
513 2359 682 2391 superares

263 2397 454 2432 salvaturus
476 2400 653 2433 saeculum.

820 222 874 257 38.

820 543 875 576 39.

819 862 874 895 40.

818 1183 874 1216 41.

821 1505 877 1538 42.

824 1827 879 1860 43.

826 2160 883 2193 44.

900 224 980 263 Ave,
1009 223 1092 262 Iesu,
1117 221 1179 254 Dei
1201 230 1290 264 agne,

898 270 964 303 Leo
988 271 1110 312 potens,
1138 268 1241 311 fortis,
1267 278 1380 310 magne

945 316 1055 358 Magni
1079 316 1181 348 victor
1205 315 1310 355 inferi,

900 364 998 403 Quem
1010 372 1045 396 se
1055 364 1185 395 tandem
1197 363 1422 402 redemturum,

899 411 945 443 Ut
968 420 1041 451 spes
1066 413 1145 451 erat,
1170 411 1204 442 in
1230 409 1369 442 futurum

947 458 1170 498 Expectabant
1193 458 1310 490 miseri.

901 543 981 583 Ave,
1004 544 1088 584 Iesu,
1114 543 1215 575 victor
1239 541 1342 585 fortis,

902 590 961 628 Qui
986 592 1146 622 auctorem
1169 592 1301 623 nostrae
1317 589 1427 622 mortis

948 637 1074 669 Elisisti
1097 638 1241 676 penitus;

903 683 1023 724 Gaude,
1050 684 1149 724 virgo,
1175 686 1277 716 mater
1299 683 1426 723 Christi,

903 731 988 769 Quae
1011 731 1096 762 hunc
1119 729 1234 762 fortem
1258 731 1404 772 genuisti,

949 777 1084 809 Missum
1108 779 1225 810 mundo
1251 778 1391 810 caelitus.

901 862 980 903 Ave,
1007 864 1090 903 Iesu,
1115 871 1185 894 cum
1209 866 1242 894 te
1268 863 1347 894 duce

902 909 1084 950 Emigraret
1106 919 1190 942 nova
1212 909 1284 941 luce

950 956 1166 989 Tenebrarum
1192 957 1337 999 populus,

901 1003 992 1035 Tunc
1017 1003 1172 1044 dolenter,
1199 1013 1217 1036 ο
1241 1003 1376 1044 inferne,

904 1050 1066 1082 Claritatis
1091 1051 1140 1082 ius
1165 1059 1321 1091 supernae

947 1097 1120 1129 ffirabaris
1145 1098 1303 1138 querulus.

900 1183 980 1223 Ave,
1005 1184 1087 1221 Iesu,
1114 1192 1208 1223 quam
1232 1181 1397 1223 formosus,

901 1230 989 1262 Luce
1012 1238 1094 1262 nova
1118 1230 1291 1262 luminosus

949 1276 1059 1318 Surgis
1084 1277 1186 1309 victor
1209 1275 1317 1316 inferi,

902 1324 1035 1356 Samson
1059 1332 1163 1364 verus,
1188 1324 1275 1365 gigas
1301 1323 1403 1366 fortis,

902 1371 1075 1403 Abstulisti
1100 1374 1210 1412 portas
1234 1372 1357 1411 mortis,

949 1420 995 1453 Ut
1022 1418 1145 1450 exirent
1169 1418 1287 1452 miseri.

904 1504 982 1546 Ave,
1009 1505 1092 1546 Iesu,
1120 1502 1213 1536 fortis
1238 1503 1299 1542 leo,

902 1551 962 1589 Qui
988 1560 1179 1591 consurgens
1204 1552 1378 1592 hypogaeo,

949 1598 1048 1631 Liber
1068 1598 1152 1630 inter
1175 1600 1333 1638 mortuos;

902 1646 1007 1677 Patris
1031 1655 1115 1678 noxa
1138 1645 1330 1685 protoplasti

904 1693 988 1732 Quos
1012 1693 1174 1736 sentimus,
1202 1693 1387 1732 exstirpasti

952 1740 1162 1779 corruptelae
1184 1740 1330 1772 carduos.

906 1826 985 1868 Ave,
1012 1826 1095 1867 Iesu,
1121 1823 1179 1857 flos
1204 1825 1352 1868 vernalis,

908 1873 1009 1914 Algor
1033 1870 1115 1912 fugit
1137 1872 1292 1914 hiemalis,

954 1921 1070 1953 Aestas
1095 1918 1186 1951 fulsit
1211 1920 1352 1962 caelitus,

906 1968 1064 2001 Redivivo
1090 1976 1160 1999 cum
1183 1970 1217 2000 te
1237 1965 1317 1999 flore

906 2016 1028 2048 Tantus
1053 2016 1154 2056 surgit
1178 2017 1212 2048 in
1238 2015 1352 2047 decore

954 2063 1142 2096 Sanctorum
1167 2063 1334 2096 exercitus.

909 2160 988 2200 Ave,
1015 2161 1098 2203 Iesu,
1126 2160 1228 2192 victor
1252 2159 1375 2200 mortis,

909 2207 1009 2246 Quam
1033 2207 1218 2248 praeclarae
1243 2209 1316 2239 tuae
1340 2205 1436 2239 sortis

958 2254 1128 2297 Splenduit
1152 2254 1328 2297 hereditas,

908 2303 1047 2335 Mortem
1066 2302 1167 2334 crucis
1184 2311 1277 2343 quam
1293 2301 1438 2341 ferendo,

909 2350 1016 2383 Morte
1040 2350 1126 2383 vieta
1151 2359 1244 2391 quam
1268 2350 1427 2391 surgendo

956 2399 1027 2432 Tua
1051 2398 1127 2430 emit
1153 2399 1280 2431 caritas.
