1650 2612
264 198 295 229 3.
320 197 398 235 Ave,
424 195 484 226 Dei
509 194 650 234 genetrix

370 243 469 282 virgo,
493 240 658 272 immolabo

325 290 391 321 Tuo
416 291 523 319 sancto
548 286 612 318 filio

371 339 402 367 et
425 333 607 367 sacrificabo

327 384 385 415 'lor
410 382 586 420 contritum,
614 380 747 418 domina,

369 438 472 461 coram
497 431 528 459 te
552 427 694 467 plorabo,

327 477 434 508 Donec
457 476 582 514 plenam
607 474 730 505 veniam

371 531 495 563 gemens
520 521 704 560 impetrabo.

265 602 295 632 4.
321 599 400 636 Ave,-
425 596 485 627 Dei
510 597 651 635 genetrix

373 651 465 676 cruce
491 643 685 683 contristata,

324 692 359 724 In
388 699 497 722 cruore
521 689 578 721 filii

370 737 497 769 multum
523 736 683 777 tribulata,

321 785 393 823 Sed,
421 792 488 814 cum
513 784 611 823 surgit
636 783 795 825 Dominus,

370 831 499 863 multum
526 830 694 871 consolata,

322 879 410 910 Tunc
434 881 507 908 sunt
531 877 609 908 caeli
635 877 757 909 cantica

367 925 427 957 tibi
448 927 598 956 reserata.

268 1003 298 1033 5.
326 1001 404 1039 Ave,
429 998 490 1030 Dei
514 999 666 1038 genetrix,

372 1054 451 1086 quae
474 1046 663 1085 pertimuisti

325 1094 414 1124 Tunc
437 1095 578 1123 sanctum
601 1101 782 1133 parasceve,

372 1139 495 1179 quando
523 1138 676 1181 defecisti,

324 1188 416 1229 Dum,
442 1194 532 1225 quem
556 1186 616 1217 Dei
640 1185 738 1218 filium

371 1234 458 1272 virgo
485 1234 665 1272 cognovisti,

325 1281 406 1312 Eum
429 1279 461 1310 in
484 1280 624 1318 patibulo

374 1327 452 1358 mori
476 1327 677 1365 prospexisti.

266 1403 296 1434 6.
322 1403 400 1443 Ave,
427 1399 497 1432 fons
525 1401 716 1443 clementiae,

373 1449 460 1487 virgo
483 1448 660 1489 benedicta,

327 1495 387 1527 Per
412 1498 443 1526 te
467 1498 568 1526 taetra
594 1496 776 1528 daemonum

371 1544 444 1573 suut
467 1550 522 1573 ora
547 1544 725 1583 constricta,

324 1589 366 1620 Et
390 1590 513 1620 leonum
539 1590 675 1621 omnium

375 1635 471 1667 corda
495 1640 568 1668 sunt
591 1638 720 1678 partita,

325 1682 375 1714 Ne
398 1691 448 1714 me
472 1684 597 1715 tandem
619 1687 767 1724 separent

374 1740 392 1761 a
416 1731 546 1770 perenni
571 1731 644 1764 vita.

272 1807 301 1839 7.
328 1806 406 1842 Ave,
433 1805 520 1846 virgo
547 1806 709 1849 virginum,

374 1853 538 1885 daemones
562 1855 657 1885 astuti

327 1900 373 1932 De
396 1901 490 1941 partu
519 1901 654 1940 zirgineo

376 1946 457 1979 falsa
480 1950 553 1979 sunt
575 1948 682 1991 locuti⁷

326 1994 391 2026 Nos
413 1994 448 2025 in
473 1995 532 2025 tuis
557 1995 703 2027 laudibus

372 2042 467 2072 simus
492 2042 538 2073 si(-¹
557 2043 650 2082 acuti,

328 2089 372 2121 Ut
396 2088 514 2121 Christi
537 2089 686 2121 iudicium

373 2135 534 2167 videamus
560 2137 629 2170 tuti.

269 2212 300 2245 8.
325 2211 404 2253 Ave,
429 2210 489 2242 Dei
512 2212 665 2255 genetrix,

371 2268 427 2290 ora
449 2258 551 2290 Deum
574 2262 709 2300 patrem,

327 2305 372 2338 Ut
397 2306 451 2337 det
474 2305 564 2337 nobis
588 2308 721 2346 gratiam

375 2356 407 2385 et
430 2351 623 2394 felicitatem,

850 98 920 132 244
967 118 1009 122 —

991 193 1043 224 Ad
1068 192 1139 228 hoc,
1165 191 1253 229 virgo
1281 191 1406 233 caelica,

1041 237 1143 270 cernis
1169 237 1352 279 trinitatem,

995 286 1041 319 Ut
1063 292 1117 316 cor
1141 286 1278 314 nostrum
1308 285 1464 325 compleat

1040 330 1100 363 Dei
1124 331 1327 363 voluntatem.

937 409 966 440 9.
994 408 1071 445 Ave,
1097 414 1177 445 quae
1203 406 1367 437 daemonia

1044 456 1154 485 cuncta
1179 453 1326 492 repulisti

992 501 1035 533 Et
1059 500 1215 539 repellens
1239 500 1365 539 penitus

1040 557 1078 581 ea
1103 547 1286 578 destruxisti

992 595 1037 627 Et
1060 594 1151 627 nobis
1177 594 1355 625 misericors

1041 649 1165 680 semper
1189 641 1348 682 exstitisti,

994 691 1162 729 Postquam
1185 697 1281 727 super
1307 688 1414 719 sidera

1041 735 1116 768 felix
1142 735 1322 766 ascendisti.

914 813 968 844 10.
993 812 1071 853 Ave,
1099 810 1159 841 Dei
1184 810 1335 853 genetrix,

1042 865 1121 898 quae
1145 859 1209 887 stas
1234 865 1329 896 super
1354 858 1467 896 caelos,

994 905 1059 936 Nos
1085 914 1104 937 a
1127 906 1233 934 terrae
1258 903 1339 935 facie

1043 952 1152 983 damus
1176 950 1238 982 tibi
1260 951 1368 993 melos,

994 998 1048 1039 Ut,
1077 1007 1144 1030 cum
1166 1006 1250 1029 mors
1275 998 1450 1038 advenerit,

1044 1047 1130 1077 cuius
1156 1053 1264 1076 cursus
1289 1045 1391 1086 velox,

993 1093 1046 1124 Ad
1070 1096 1103 1124 te
1127 1094 1256 1122 currant
1280 1092 1411 1133 animae,

1042 1141 1111 1171 ruat
1135 1137 1229 1169 turba
1253 1137 1353 1172 ferox.

915 1215 967 1248 11.
993 1215 1072 1253 Ave,
1097 1213 1159 1244 Dei
1182 1213 1292 1253 gloria,

1040 1262 1148 1293 iuncta
1171 1260 1239 1291 Deo
1261 1269 1348 1301 vero,

998 1309 1144 1340 Praelata
1168 1307 1334 1345 sideribuS,

1042 1363 1100 1394 pro
1125 1356 1157 1384 te
1180 1354 1281 1385 laetus
1305 1353 1373 1386 fero

996 1401 1089 1433 Nunc
1115 1401 1216 1432 carnis
1241 1401 1406 1443 supplicia,

1042 1449 1115 1488 quia
1140 1448 1180 1479 de
1203 1451 1236 1479 te
1259 1457 1362 1487 spero,

997 1497 1086 1535 Quod
1110 1495 1142 1525 in
1166 1495 1227 1526 Dei
1248 1495 1349 1535 gloria

1042 1546 1144 1574 tecum
1169 1550 1293 1581 semper
1318 1551 1381 1575 ero.

918 1619 971 1651 12.
998 1620 1077 1658 Ave,
1102 1617 1164 1649 Dei
1187 1618 1341 1657 genetrix,

1044 1665 1175 1697 multum
1199 1665 1364 1705 vigilabas,

997 1712 1073 1745 Cum
1097 1712 1186 1753 virgo
1211 1721 1368 1752 puerpera

1045 1759 1168 1792 Christo
1192 1760 1404 1802 ministrabas,

998 1808 1086 1839 Tune
1110 1807 1151 1838 ad
1176 1808 1400 1846 paenitentiam

1045 1856 1171 1887 cunctos
1196 1855 1401 1895 provocabas,

998 1903 1073 1935 Cum
1100 1901 1200 1932 Deum
1224 1903 1391 1942 praesepio

1047 1950 1124 1981 duro
1150 1949 1339 1983 collocabas,

919 2027 971 2059 13.
994 2026 1073 2067 Ave,
1098 2025 1204 2056 lumen
1228 2028 1411 2066 martyrum,

1044 2073 1078 2104 in
1103 2071 1219 2103 Christi
1243 2081 1354 2104 cruore

997 2121 1107 2152 Iacens
1131 2119 1164 2150 in
1189 2119 1341 2160 angustiis

1046 2170 1078 2198 et
1100 2175 1212 2206 magno
1239 2167 1356 2209 dolore,

998 2215 1115 2246 Tecum
1138 2214 1293 2253 plangunt
1315 2215 1420 2247 omnia

1045 2269 1137 2301 passo
1163 2260 1333 2301 salvatore,

1001 2309 1063 2340 Sed
1087 2309 1120 2339 in
1145 2307 1263 2346 pascha
1286 2308 1401 2342 iubilas

1047 2355 1112 2386 viso
1137 2354 1348 2394 redemptore,
