1650 2612
313 430 367 463 10.

313 657 367 690 11.

314 882 369 914 12.

315 1109 369 1141 13.

312 1335 368 1367 14.

313 1562 368 1595 15.

313 1788 366 1821 16.

317 2015 370 2049 17.

313 2245 367 2278 18.

662 118 897 154 —97-

360 241 365 246 .
393 216 471 255 Ave,
498 214 561 254 qui,
587 214 704 254 populo
730 216 897 249 ostendisti
923 216 1011 257 dura,

395 261 598 294 Commovisti
619 264 651 292 et
675 263 869 295 conturbasti
893 264 926 295 in
951 263 1008 303 ira,

394 308 478 340 Sana
501 307 669 340 contritum
696 310 883 341 contritione
903 318 980 341 vera

392 355 503 394 Neque
529 355 636 387 deleas
663 355 703 387 de
727 356 898 388 viventium
923 359 1020 389 terra.

394 430 474 471 Ave,
501 430 542 462 ad
568 438 670 472 quem,
698 431 771 462 dum
797 439 851 462 cor
875 439 977 462 meum
1004 431 1195 470 anxiaretur,

394 477 577 510 Orationem
601 476 680 516 fudi,
704 480 740 508 ut
766 477 978 519 exaudiretur,

392 524 522 556 Exaudi
547 532 609 567 me,
635 524 780 564 Domine,
805 528 1006 563 peecatorem
1028 525 1199 567 minimum,

395 571 445 603 Ne
469 580 521 603 me
545 571 672 611 perdas,
699 580 789 611 quem
815 579 919 603 meum
943 570 1047 604 fateor
1071 571 1248 604 Dominum.

394 657 473 697 Ave,
500 657 584 695 lesu,
610 656 734 687 animae
756 663 846 687 meae
869 656 1033 695 solacium,

395 702 530 736 Unicum
555 702 620 733 suis
645 710 702 743 pro
726 702 889 734 laboribus
912 703 1058 742 pretium,

394 748 478 789 Tibi,
503 750 587 789 Iesu,
611 757 737 788 semper
762 757 831 781 esse
855 748 943 789 cupit
966 749 1118 789 subiecta,

395 797 482 836 Quae
503 805 561 837 pro
586 798 618 827 te
642 796 769 828 humilis
793 795 846 826 hic
870 794 932 827 fuit
956 799 986 827 et
1012 795 1145 830 abiecta.

394 882 476 920 Ave,
500 881 584 922 Iesu,
610 880 654 912 ad
677 889 769 919 quem
794 880 836 912 de
858 880 931 911 luce
953 880 1061 922 vigilo,

395 928 483 961 Satia
508 927 643 959 animam
668 935 767 959 meam
794 929 873 966 potu
896 927 963 969 1110,

394 977 491 1015 Quem
517 975 672 1015 quondam
698 974 823 1006 mulieri
848 973 1064 1006 Samaritanae

395 1023 440 1055 Es
465 1021 625 1063 pollicitus
651 1020 770 1053 affabili
794 1029 947 1053 sermone.

396 1108 477 1148 Ave,
505 1107 555 1138 cui
580 1106 691 1138 Iudaei
715 1105 830 1146 linguis
855 1105 972 1137 acutis:

394 1155 469 1193 Vae,
498 1154 617 1193 dicunt,
643 1152 794 1192 templum
821 1152 873 1191 qui
899 1152 1035 1184 destruis
1062 1161 1131 1184 cum
1155 1153 1265 1193 portis,

395 1202 460 1243 Me,
486 1201 570 1241 Iesu,
598 1209 617 1231 a
642 1203 798 1232 conventu
822 1200 1062 1240 malignantium

395 1250 533 1289 Protege
554 1247 688 1288 iungens
714 1246 819 1278 choris
842 1248 877 1278 te
899 1246 1107 1280 laudantium.

393 1336 474 1373 Ave,
501 1333 587 1364 cuius
612 1332 740 1372 Moyses
765 1331 923 1372 quondam
949 1334 980 1362 et
1004 1331 1110 1363 Maria

391 1380 518 1413 Laudes
546 1381 752 1412 cantaverunt
777 1380 850 1418 post
873 1380 1083 1411 transmutata
1105 1379 1215 1420 maria,

392 1429 439 1460 Te
465 1428 557 1460 decet
580 1427 714 1466 hymnus
735 1426 857 1465 tibique
880 1428 954 1458 vota
978 1425 1153 1467 reddenda,

392 1475 431 1507 In
455 1483 516 1514 quo
542 1474 642 1506 omnis
667 1481 740 1512 spes
763 1475 872 1505 nostra
898 1475 946 1504 est
971 1481 1096 1513 semper
1123 1471 1317 1506 collocanda.

393 1562 474 1601 Ave,
503 1561 589 1592 cuius
613 1558 771 1591 terribilia
795 1561 869 1590 sunt
893 1567 1001 1599 opera,

393 1607 468 1640 Tibi
491 1607 656 1639 iubilando
679 1606 781 1638 servit
805 1606 906 1637 omnis
930 1608 1027 1649 terra,

394 1656 444 1687 Tu
466 1655 551 1686 solus
577 1654 631 1693 qui
656 1654 812 1685 convertis
836 1662 869 1684 1n
895 1653 1018 1685 aridam
1041 1661 1138 1694 mare,

393 1701 469 1740 Fac,
494 1703 704 1741 aspergantur
729 1700 825 1732 corda
851 1703 961 1732 nostra
987 1700 1066 1732 caeli
1090 1709 1172 1732 rore.

393 1788 473 1826 Ave,
500 1787 553 1826 qui
578 1785 669 1817 nobis
694 1784 856 1816 benedicis
882 1784 982 1816 nostri
1006 1785 1184 1824 miseratus,

394 1834 544 1867 Illumina
570 1833 668 1864 corda
691 1834 802 1863 nostra
827 1831 999 1870 splendore
1023 1831 1070 1863 tui
1094 1832 1209 1871 vultus,

394 1883 461 1922 Quo
486 1883 518 1912 te
543 1881 575 1912 in
601 1880 663 1911 hac
687 1881 775 1910 terra
797 1880 926 1910 nostrae
949 1878 1212 1919 peregrinationis

394 1929 576 1970 Gemamus,
606 1928 680 1959 dein
705 1924 849 1958 fruamur
874 1929 1006 1966 aspectu
1030 1926 1168 1959 visionis.

396 2016 478 2054 Ave,
505 2015 588 2054 Iesu,
616 2012 669 2052 qui
695 2019 727 2042 es
751 2013 861 2043 nostra
884 2010 1016 2051 laetitia,

396 2063 506 2102 Longe
530 2060 587 2093 fiat
612 2069 632 2091 a
655 2061 688 2091 te
713 2059 813 2090 omnis
841 2058 973 2098 malitia,

397 2109 459 2142 Tui
482 2110 618 2149 pereant
640 2106 760 2139 inimici
783 2108 820 2137 ut
843 2104 957 2146 fumus,

394 2157 461 2190 Nos
486 2165 561 2188 vero
587 2162 745 2195 pauperes
768 2156 872 2185 tecum
898 2162 1024 2192 semper
1048 2152 1154 2186 simus.

396 2244 477 2283 Ave,
503 2241 585 2281 Iesu,
612 2239 666 2280 qui
689 2247 740 2270 me
766 2239 806 2270 de
830 2238 891 2270 hoc
915 2238 990 2271 limo
1015 2237 1178 2279 profundi,

396 2292 435 2324 In
458 2298 550 2329 quem
575 2296 626 2319 mc
653 2287 790 2319 detrusit
813 2287 929 2319 astutia
953 2285 1094 2326 nefandi,

394 2339 532 2377 Eripere
556 2338 647 2377 potes
673 2334 870 2374 animamque
894 2333 1029 2375 salvare,

392 2386 443 2417 Ne
469 2393 538 2416 eam
563 2383 734 2417 absorbeat
756 2382 849 2414 huius
873 2382 983 2414 mundi
1007 2390 1104 2414 mare.

182 2446 312 2472 Dreves,
327 2444 450 2468 Psaltoria
466 2443 621 2472 Rhythmica..
652 2443 673 2466 1.
1236 2436 1253 2465 7
