1650 2612
731 96 962 130 ,68-

217 196 272 227 42.
297 194 378 229 Iesu,
403 192 600 224 iudicaturus
972 190 1016 221 Et
1038 191 1099 221 hoo
1122 197 1180 228 per
1205 188 1287 219 Core
1311 186 1403 225 filiOS,

344 249 414 270 cum
436 239 472 270 in
494 239 604 270 muudi
627 237 691 270 fine
1017 237 1072 276 qui
1093 245 1113 267 a
1136 238 1169 266 te
1190 234 1339 273 inspirati

300 287 413 317 Venies
436 285 469 316 in
493 285 645 324 Iosaphat
970 283 1041 314 Hoc
1064 282 1305 322 prophetarunt,
1331 279 1446 316 tribue,

345 333 469 371 vallem,
492 335 567 362 tunc
590 340 653 362 non
677 331 746 361 sine
1017 332 1053 360 ut
1076 336 1201 368 semper
1225 328 1321 358 simus
1346 326 1437 365 grati.

298 379 364 411 Nos
387 387 457 409 cum
473 378 592 419 hoedis,
620 384 819 416 quaesumuS,
887 386 944 417 47,
969 385 1051 426 1030,
1078 383 1132 423 qui
1155 382 1328 414 Ierusalem

344 426 386 456 ad
409 423 569 455 sinistram
593 426 690 461 stare,
1018 430 1170 469 tempffim
1195 427 1379 468 g10rificasffi

297 472 361 503 Sed
386 471 427 503 ad
451 473 536 501 tuam
563 470 725 501 dexteram
971 477 1033 508 Per
1056 484 1170 515 magna
1193 479 1226 505 et
1247 474 1327 505 mira
1353 483 1460 515 opera,

343 518 422 548 velis
448 517 613 548 collocare.
1017 531 1097 563 quae
1120 522 1167 553 ibi
1190 521 1340 561 aofitasffi,

216 576 271 607 43.
297 574 379 614 Iesu,
406 571 486 604 Core
508 571 568 603 filii
973 570 1105 609 Quaeso,
1132 569 1183 607 da,
1207 577 1266 607 pro
1291 568 1434 599 omnibus

343 621 426 651 hune
450 619 604 657 psalmum
630 618 812 649 cecinerunt
1018 620 1051 648 te
1073 614 1308 655 magnificemus

297 667 346 698 De
370 666 600 706 persecutione,
971 665 1077 703 Atque
1100 662 1318 694 devotissimas

344 712 456 746 Iudaei
481 721 543 750 qua
566 711 696 743 fuerunt
1019 713 1123 750 grates
1148 709 1207 740 tibi
1233 708 1351 742 demuS.

299 760 363 792 Sub
385 758 484 791 nobili
508 759 673 796 ABfiOGhO,
891 767 946 799 48·
971 766 1053 807 Iesu,
1078 765 1131 805 qui
1153 764 1187 795 in
1210 764 1271 795 hoc
1294 764 1416 803 psalmo

345 807 401 838 SGd
425 805 502 836 inde
522 806 709 845 liberantur,
1017 819 1124 844 moves
1149 811 1362 850 quaeSffiOUem

299 854 362 886 Pro
387 860 447 892 quo
474 852 552 883 dicti
574 851 634 883 filii
972 860 1021 891 De
1045 863 1183 890 extremo
1207 857 1324 888 iudicio

349 900 462 931 devote
488 899 707 938 depressantur-
1019 909 1051 937 et
1076 904 1132 936 dag
1156 904 1352 947 solutionem,

226 959 280 989 44.
305 956 386 997 Iesu,
414 954 493 986 Core
516 953 598 985 filios
973 953 1011 984 1n
1035 953 1096 983 hoe
1121 951 1173 982 die
1195 950 1306 982 iudicii

345 1002 457 1033 iubens
481 1000 674 1040 prophetare
1021 1008 1090 1030 cum
1114 997 1205 1028 malis
1229 1006 1289 1028 non
1315 997 1437 1035 timere,

298 1049 350 1080 De
373 1051 467 1088 teque
492 1052 523 1079 et
544 1047 678 1078 ecclesia
971 1046 1039 1077 Fac
1064 1053 1133 1076 cum
1156 1044 1247 1075 bonis
1271 1044 1375 1083 potius

347 1095 432 1125 hunc
453 1094 610 1132 psalmum
635 1093 813 1132 decantare,
1018 1094 1172 1132 perpetue
1195 1091 1343 1129 gaudere.

299 1142 360 1176 Da«
387 1144 418 1171 ’ίθ
442 1149 547 1179 segem
571 1140 691 1179 gloriae
891 1150 947 1182 49.
973 1149 1056 1188 Iesu,
1080 1146 1134 1188 qui
1159 1147 1199 1178 de
1225 1146 1344 1186 duplici

345 1186 485 1226 perfecte
512 1186 676 1225 diligamus
1018 1193 1135 1226 iudicio
1161 1196 1290 1224 cantare

299 1234 362 1265 ffiG
386 1237 418 1264 θῖ
440 1233 518 1273 iffiss,
544 1233 599 1264 Ubi
622 1235 655 1264 ἘΘ
971 1242 1008 1273 In
1032 1241 1193 1279 mundum,
1220 1241 1261 1271 ad
1284 1240 1438 1272 iudicium

346 1282 501 1319 ΡΘΓΡθῐΠθ
524 1279 696 1311 laudamus·
1020 1287 1131 1328 Asaph
1156 1287 1348 1326 prophetare

216 1338 271 1370 45.
299 1337 380 1375 Iesu,
409 1334 490 1367 Core
512 1334 596 1366 filios
973 1335 1068 1366 Facis
1094 1334 1250 1373 evangelii

344 1383 397 1421 qui
421 1382 608 1412 miraculose
1020 1382 1231 1419 virtutemque
1255 1381 1405 1421 ostendis,

297 1429 407 1460 Saivas
430 1430 525 1467 atque
548 1437 702 1467 provocas
973 1427 1007 1459 Si
1031 1437 1094 1459 non
1121 1427 1230 1458 damus
1256 1428 1385 1467 gratias,

343 1476 384 1506 ad
408 1474 520 1506 laudes
545 1474 690 1514 gloriose,
1017 1475 1088 1506 iure
1112 1475 1331 1513 reprehendis,

297 1522 398 1553 Terra
423 1521 495 1552 dum
521 1521 685 1552 absorbffif'
894 1532 949 1563 50.
974 1531 1058 1570 Iesu,
1084 1530 1168 1562 sicut
1190 1530 1295 1561 David
1320 1540 1378 1563 rex

343 1572 466 1607 patrem
492 1572 524 1600 et
548 1568 766 1605 adhaerentes,
1021 1586 1041 1608 a
1063 1577 1191 1608 Nathan
1214 1578 1425 1616 reprehensus

300 1615 366 1646 Nos
381 1617 545 1654 promptos
562 1613 614 1645 fae
630 1615 664 1645 in
678 1614 821 1646 omnibus
975 1624 1120 1655 Paenitet
1145 1628 1177 1654 et
1201 1624 1303 1662 grafia

344 1660 463 1701 gratias
488 1663 627 1700 agentes.
1021 1670 1171 1703 divinitus
1197 1679 1347 1703 accensus

215 1720 272 1750 46.
299 1718 381 1757 Iesu,
409 1717 461 1757 qui
485 1717 518 1747 in
540 1717 601 1749 hoc
623 1718 745 1756 psalmo
973 1717 1058 1749 Petit
1080 1717 1341 1758 misericordiam,

344 1767 450 1803 grates
474 1773 587 1803 magna
613 1773 689 1796 eura
1019 1765 1067 1795 sie
1092 1764 1255 1803 culparum
1281 1766 1398 1797 nodum

295 1812 373 1851 Agis
397 1819 455 1851 pro
479 1811 613 1842 victoria
972 1811 1075 1850 Solve,
1103 1810 1176 1849 quia
1200 1812 1330 1851 pessimi

342 1859 399 1890 sub
424 1858 518 1889 Iosue
541 1857 649 1889 futura
1017 1866 1122 1888 sumus
1147 1867 1244 1897 supra
1267 1860 1405 1893 modum.

587 1941 781 1974 Secunda
811 1942 1118 1983 Quinquagena.

221 2009 247 2038 1.
274 2007 355 2045 Iesu,
380 2006 435 2046 qui
457 2006 610 2037 malitiam
894 2009 924 2041 2.
950 2008 1023 2039 Iesu
1047 2008 1100 2049 mi,
1127 2010 1181 2047 qui
1205 2009 1340 2042 Iudaeos

320 2053 429 2085 Doech
455 2053 662 2091 reprehendis
995 2063 1054 2093 per
1078 2063 1208 2093 regnum
1233 2055 1427 2091 Graecorum

275 2101 381 2139 Atque
404 2099 619 2131 innocentiam
949 2099 1105 2132 Afflixisti
1124 2101 1304 2143 plurimum,

319 2147 424 2178 David
450 2146 502 2176 hic
526 2147 676 2189 ostendis,
998 2148 1056 2179 sed
1078 2147 1341 2182 Maceabaeorum

277 2196 302 2225 A
328 2193 420 2224 malis
446 2192 690 2235 detractoribus,
950 2195 1077 2226 Auxilio
1102 2194 1259 2234 sublevas,

321 2241 374 2279 qui
398 2239 483 2279 apud
506 2240 724 2278 praesidentes
993 2242 1026 2272 in
1051 2241 1142 2272 malis
1166 2242 1342 2276 obstinatos

275 2287 342 2318 Nos
365 2287 483 2318 iniuste
504 2286 656 2326 lacerant,
950 2286 1032 2319 Puni
1056 2292 1087 2319 et
1110 2288 1199 2320 salva
1224 2289 1283 2321 tibi

321 2334 409 2366 salva
432 2333 624 2365 innocentes.
996 2336 1115 2366 servire
1139 2339 1277 2374 paratos.
