1650 2612
684 125 940 161 —191—

175 218 230 252 37.
257 218 337 259 Ave,
365 227 458 258 quam
486 219 678 252 desiderium

259 265 419 298 Bonorum
443 267 547 307 replet
569 270 716 308 omnium,

263 311 358 344 Cuius
384 315 416 344 et
439 316 566 346 sanctus
591 315 723 355 gemitus

257 359 325 392 Deo
350 369 413 392 non
436 364 485 393 est
508 361 723 395 absconditus.

176 437 231 469 38.
257 435 338 474 Ave,
367 436 453 468 cuius
478 437 656 470 substantia

257 483 355 523 Apud
380 483 483 515 Deum
508 484 541 516 in
566 485 674 527 gloria,

258 530 353 562 Cuius
379 533 410 562 et
435 533 630 572 exspectatio

256 577 343 610 Deus
368 576 430 610 fuit
452 579 485 610 in
509 577 586 614 filio.

172 655 229 687 39.
255 654 336 696 Ave,
362 656 464 686 mater
489 664 557 686 cum
583 654 659 694 fi1i0,

257 701 316 739 Qui
339 700 424 741 patri
451 702 550 734 dixit:
577 702 678 740 venio,

257 748 428 789 Postquam
451 749 720 781 holocaustomata

258 795 469 828 Cessaverunt
493 798 524 828 et
547 796 689 830 sabbata.

173 873 230 905 40.
256 871 338 912 Ave,
364 871 462 913 virgo,
488 880 547 911 per
571 872 703 912 gratiam

257 919 354 957 Quam
378 922 511 958 propter
535 919 746 951 innocentiam

259 965 346 997 Caeli
371 966 512 1005 suscepit
537 967 624 998 curia

254 1013 306 1044 Ex
331 1013 391 1045 hac
415 1012 525 1045 mundi
548 1013 686 1045 miseria.

171 1090 228 1123 41.
253 1088 333 1128 Ave,
358 1088 458 1128 virgo,
483 1097 564 1128 quae
587 1088 683 1120 sitisti

253 1136 389 1168 Fontem
415 1135 519 1166 vivum
545 1137 577 1165 et
601 1134 720 1174 bibisti,

253 1182 320 1214 Iam
346 1191 484 1222 appares
508 1185 582 1213 ante
605 1182 737 1223 vultum,

254 1229 301 1268 Qu
305 1238 352 1260 em
358 1229 469 1261 videre
474 1238 630 1268 nunquam
636 1229 778 1265 multum.

171 1307 227 1339 42.
252 1306 333 1345 Ave,
359 1305 439 1337 lucis
461 1313 556 1336 verae
579 1308 690 1346 mater,

253 1353 353 1391 Quam
379 1352 484 1383 emisit
505 1351 592 1384 Deus
617 1355 719 1394 pater,

254 1400 328 1439 Ipse
353 1408 478 1439 semper
503 1403 534 1431 te
561 1399 692 1431 deduxit

252 1447 297 1479 Et
313 1448 356 1479 ad
370 1449 506 1479 montem
521 1450 663 1478 sanctum
679 1447 776 1480 duxit.

176 1524 232 1556 43.
258 1523 339 1564 Ave,
363 1531 423 1563 per
447 1531 538 1562 quam
563 1523 649 1554 salus
676 1522 779 1563 datur,

253 1570 316 1602 Per
332 1579 423 1610 quam
444 1569 543 1601 hostis
557 1570 780 1613 triumphatur,

252 1618 299 1649 Pe
322 1620 356 1648 te
378 1616 481 1649 Deum
506 1617 732 1660 collaudamus,

253 1665 316 1697 Per
340 1667 372 1696 te
397 1664 516 1695 nullum
543 1662 760 1698 formidamus,

851 224 906 256 44.

851 441 906 472 45,

850 658 905 690 46,

851 875 906 907 47.

850 1091 905 1124 48.

848 1308 903 1340 49.

850 1525 904 1556 50.

932 224 1012 264 Ave,
1038 222 1146 262 regina
1169 222 1293 265 nobilis,

932 269 1026 302 Casta
1049 269 1141 300 simul
1167 270 1199 300 et
1222 269 1358 310 humilis,

929 317 1048 348 Astans
1072 326 1092 348 a
1117 316 1236 348 dextris
1262 316 1326 348 filio

932 363 1056 395 Vestitu
1080 364 1213 403 pulchra
1237 364 1334 396 vario.

931 440 1011 479 Ave,
1038 442 1147 471 sancta
1171 439 1344 482 virginitas,

932 486 1028 526 Regis
1053 486 1173 518 aeterni
1198 486 1318 527 civitam,

933 534 1032 572 Quam
1056 532 1126 565 fons
1151 533 1240 564 vivus
1265 532 1426 572 laetificat,

933 580 1115 613 Altissimus
1140 580 1326 613 sanctificat.

931 656 1010 697 Ave,
1037 665 1129 694 quam
1154 664 1209 687 suo
1234 664 1363 688 munere

934 703 1077 735 Christus
1101 703 1253 734 instruxit
1276 703 1414 743 psallere

933 751 1005 790 Ore,
1032 751 1137 788 corde,
1163 750 1311 789 operibus

933 798 1100 837 Sapienter
1123 806 1201 837 prae
1226 797 1379 831 omnibus

933 874 1011 915 Ave,
1037 873 1189 911 templum
1214 872 1364 912 iustitiae,

931 920 1037 951 Mater
1060 920 1307 960 misericordiae,

933 967 999 1005 Qua
1023 975 1196 1007 pauperum
1221 966 1357 1006 suspiria

932 1014 1158 1046 Promerentur
1182 1014 1332 1046 remedia.

929 1090 1009 1131 Ave,
1037 1089 1124 1120 cuius
1148 1089 1266 1120 locutio

930 1136 974 1168 Et
999 1136 1104 1168 cordis
1129 1135 1292 1168 meditatio

930 1183 1087 1215 Summam
1114 1184 1206 1215 docet
1230 1182 1430 1222 prudentiam

929 1231 1098 1269 Patrisque
1122 1230 1318 1270 sapientiam.

929 1306 1009 1347 Ave,
1035 1314 1115 1345 quae
1139 1306 1243 1337 laudis
1268 1306 1401 1338 hostiam

930 1353 999 1386 Deo
1024 1353 1133 1385 reddis
1158 1355 1191 1384 et
1214 1354 1356 1393 gloriam,

931 1401 979 1432 Tu
1002 1401 1074 1440 iter,
1101 1409 1161 1440 quo
1187 1401 1238 1439 qui
1263 1400 1417 1441 graditur,

929 1448 983 1479 Illi
1008 1449 1096 1481 Iesus
1122 1448 1310 1482 ostenditur,

929 1525 1010 1567 Ave,
1037 1523 1123 1554 cuius
1149 1527 1222 1555 sunt
1245 1524 1331 1555 labia

934 1570 1036 1610 Super
1061 1569 1166 1602 favum
1192 1571 1386 1614 praedulcia,

932 1619 1020 1658 Quae
1043 1618 1184 1650 salvator
1208 1619 1334 1659 aperuit

933 1665 978 1697 Et
1000 1666 1132 1697 laudare
1156 1674 1190 1698 se
1216 1666 1330 1699 docuit.

534 1739 726 1773 Secunda
756 1742 1076 1783 Quinquagena.

191 1808 223 1842 1.
248 1807 331 1849 Ave,
358 1806 447 1847 virgo
472 1814 632 1847 puerpera
870 1811 901 1842 4.

248 1854 292 1888 Et
317 1855 401 1887 oliva
425 1852 603 1894 fructifera,

249 1902 343 1935 Vasis
367 1901 607 1934 misericordiae

246 1950 364 1983 Rorem
388 1948 585 1989 profundens
610 1949 742 1989 gratiae.

188 2030 220 2063 2.
246 2027 328 2068 Ave,
353 2034 413 2067 per
438 2034 531 2066 quam
550 2025 651 2057 bonus
676 2034 756 2057 unus
872 2030 902 2062 5,

248 2075 383 2108 Pietatis
410 2073 500 2106 dedit
523 2082 635 2104 munus

245 2122 316 2162 His,
344 2121 398 2163 qui
422 2121 505 2153 bona
531 2130 592 2152 non
619 2120 773 2161 fecerunt,

247 2170 307 2209 Qui
331 2173 501 2211 peccantes
524 2171 722 2201 erraverunt.

187 2247 219 2279 3.
243 2247 325 2288 Ave,
352 2255 433 2287 quae
457 2245 667 2278 voluntariam
871 2248 901 2279 6,

247 2294 315 2327 Deo
342 2294 460 2327 dedisti
483 2293 630 2332 hostiam,

248 2341 401 2375 Confessa
424 2350 537 2374 nomen
563 2339 702 2381 Domini,

246 2389 285 2423 In
310 2399 370 2431 quo
395 2390 481 2423 salus
507 2391 556 2422 est
579 2387 708 2423 homini¹

928 1808 1009 1850 Ave,
1035 1808 1170 1847 simplex
1195 1811 1230 1839 ut
1255 1808 1408 1849 columba,

926 1856 1013 1895 Quae
1038 1855 1078 1887 de
1102 1855 1212 1888 mortis
1237 1856 1330 1887 huius
1344 1856 1453 1889 tumba

929 1902 1069 1943 Sumptis
1094 1903 1206 1942 pennis
1233 1904 1366 1935 evolasti

926 1951 980 1983 Ad
1005 1950 1151 1992 quietem,
1179 1960 1271 1991 quam
1298 1952 1420 1985 amasti.

928 2027 1009 2067 Ave,
1037 2027 1123 2059 cuius
1148 2028 1378 2060 sanctissimam

927 2074 976 2106 De
1001 2079 1102 2107 morte
1123 2075 1210 2107 Deus
1235 2076 1371 2107 animam

927 2123 965 2154 In
990 2126 1153 2155 aeternum
1178 2123 1295 2163 eripuit

926 2169 970 2202 Et
994 2170 1027 2202 in
1052 2171 1146 2202 caelis
1174 2170 1345 2204 constituit.

929 2246 1007 2290 Ave,
1034 2249 1137 2278 mater
1159 2248 1294 2288 egregia,

926 2294 1006 2334 Spes
1031 2297 1212 2327 sanctorum
1238 2298 1267 2327 et
1294 2295 1403 2340 gloria,

927 2341 1022 2375 Cuius
1047 2344 1158 2383 partus
1185 2343 1225 2374 de
1249 2343 1369 2375 tumulo

924 2390 1115 2423 Resurrexit
1140 2391 1289 2423 diluculo.
