1650 2612
720 99 975 136 -216-

225 199 279 232 74.
305 198 384 240 Ave,
408 201 509 230 mater
531 196 655 236 iudicis,

349 246 450 278 redde
473 254 563 285 quem
587 244 755 285 placatum,

301 293 346 325 Ut
369 301 430 323 non
453 293 485 323 in
511 291 626 323 iudicio

347 339 477 371 sentiam
502 339 626 379 iratum,

302 387 365 419 Sed
390 386 539 416 malorum
566 393 695 424 operum

348 432 431 464 mole
451 433 692 471 praegravatum

299 479 444 519 Respice,
471 479 631 509 ruentibus

344 534 384 557 ne
408 526 464 556 sim
490 534 549 564 par
573 526 606 556 in
630 524 742 557 lacum.

223 602 276 633 75.
301 601 381 641 Ave,
408 600 493 631 cuius
515 599 598 631 filius

342 646 454 679 fortem
484 647 638 688 adligavit

301 695 401 734 Atque
424 692 557 725 formam
584 694 697 732 proelii

342 740 432 772 nobis
460 741 734 783 praemonstravit,

299 787 351 819 Sic
375 786 444 818 fore
468 786 621 827 refugium

345 837 486 865 nostrum
510 835 673 874 iudicavit,

299 881 387 920 Quod
409 881 601 913 descendens
617 884 750 920 propter
764 891 821 913 nos

346 928 447 959 caelos
472 928 643 959 inclinavit.

221 1004 275 1036 76.
300 1004 378 1044 Ave,
404 1011 516 1033 novum
543 1004 695 1035 canticum

347 1057 426 1089 quae
449 1049 663 1089 praecinuisti,

302 1097 377 1129 Cum
403 1096 637 1135 epithalamium

345 1151 459 1182 sponso
485 1144 634 1183 cecinisti,

296 1189 326 1220 A
350 1189 486 1229 maligno
511 1189 615 1229 gladio

344 1244 400 1267 nos
429 1236 581 1278 eripuisti,

299 1283 386 1321 Quae
408 1284 540 1321 pudoris
563 1283 655 1314 titulo

345 1329 431 1361 salvo
456 1330 617 1369 peperisti.

216 1405 269 1435 77.
294 1405 373 1443 Ave,
401 1404 485 1435 cuius
508 1405 625 1436 nomini

342 1459 446 1482 omncs
472 1451 669 1491 benedicunt,

296 1498 356 1536 Qui
380 1506 438 1536 per
463 1501 495 1529 te
518 1500 675 1537 redempti
697 1504 770 1531 sunt

339 1548 370 1575 et
393 1544 424 1575 in
449 1544 513 1576 fide
536 1546 654 1585 vivunt,

292 1591 378 1623 Tuae
401 1592 609 1631 magnitudini

338 1639 535 1670 sanctitatem
561 1640 670 1671 dicunt

292 1684 336 1716 Et
359 1685 429 1726 tuis,
456 1686 537 1725 quod
563 1685 638 1718 facti
664 1691 745 1728 sunt,

337 1732 458 1763 meritis
483 1734 653 1765 ascribunt.

212 1807 264 1838 78.
292 1808 371 1846 Ave,
398 1815 476 1846 quae
500 1817 561 1839 non
587 1809 734 1847 reprimis

337 1855 442 1895 lapsos
466 1864 525 1886 nec
549 1855 651 1895 elidis,

292 1900 355 1933 Sed
382 1901 474 1932 elisos
500 1903 602 1943 erigis,

341 1951 376 1979 ut
401 1948 444 1978 eis
469 1949 512 1980 sis
538 1949 631 1990 mitiS‚

296 1994 378 2025 Cave
402 1999 509 2026 nostro
535 1996 621 2027 casui

341 2041 503 2080 eximeque
527 2043 593 2074 litis

295 2086 438 2127 Causam,
463 2097 573 2127 pacem
600 2088 763 2122 conferens

343 2134 486 2166 sensibus
508 2135 624 2167 lenitiS.

217 2210 270 2241 79.
295 2209 375 2252 Ave,
402 2218 482 2249 quae
507 2211 664 2243 confidere

342 2256 452 2288 nolens
477 2257 510 2288 in
536 2259 680 2298 terrenis,

301 2305 424 2337 Certam
450 2313 536 2343 spem
564 2306 701 2345 dirigere

344 2350 404 2382 Dei
428 2351 461 2382 in
486 2353 633 2392 amoenis,

890 413 946 445 80.

889 815 943 848 81.

889 1219 944 1250 82.

885 1622 940 1654 83.

889 2027 944 2059 84.

971 197 1018 229 Ut
1040 194 1282 228 amoenitatibus

1019 240 1126 272 fruens
1149 241 1293 273 iubilaeis

972 289 1139 327 Nunquam
1163 289 1248 321 mitis
1275 286 1400 319 desinas

1018 335 1167 366 miserere
1191 335 1264 366 reiS.

971 413 1051 449 Ave,
1076 411 1238 442 veneratio

1018 460 1126 488 nostra
1149 456 1351 499 laetabunda,

970 505 1097 536 Decora
1121 503 1260 537 laudatio

1019 551 1077 582 tibi
1101 552 1143 582 sit
1165 551 1312 590 iucunda,

971 598 1065 631 Cuius
1089 598 1315 639 impraegnatio

1018 645 1085 677 sine
1109 646 1177 677 viro
1201 646 1319 677 munda

969 693 1089 724 Mundo
1114 691 1176 724 fuit
1198 692 1274 724 latio

1016 740 1137 778 gratiae
1160 739 1307 771 secunda.

968 816 1046 857 Ave,
1075 824 1154 854 quae
1178 815 1349 848 Ierusalem

1017 861 1090 894 filiis
1113 862 1266 902 laudaris,

971 910 1081 942 Virum
1107 917 1186 948 quae
1209 910 1242 940 in
1266 908 1367 940 Israel

1017 956 1085 986 sine
1108 956 1176 987 viro
1201 955 1299 997 paris,

969 1003 1041 1034 Sola
1066 1003 1134 1033 sine
1155 1003 1292 1033 themate

1014 1050 1142 1090 placens
1168 1049 1366 1091 exemplaris,

969 1096 1148 1128 Pneumatis
1174 1105 1213 1127 ex
1237 1096 1332 1134 adipe

1014 1144 1100 1174 intus
1124 1143 1341 1183 impinguaris.

969 1220 1048 1256 Ave,
1074 1218 1161 1258 virgo
1187 1218 1351 1260 virginum,

1014 1268 1114 1296 mater
1137 1265 1314 1305 salvatoris,

968 1312 1031 1343 Vas
1057 1312 1189 1342 electum
1214 1312 1352 1352 Domini,

1015 1359 1123 1389 titulus
1149 1358 1276 1401 amoris,

968 1406 1031 1436 Vas
1056 1404 1117 1436 Dei
1142 1406 1285 1437 altissimi

1014 1452 1114 1483 nostri
1139 1453 1360 1492 redemptoris,

967 1499 1160 1538 Angelorum
1185 1500 1321 1542 domina,

1013 1554 1128 1584 sponsa
1154 1547 1316 1579 creatoriS.

966 1622 1046 1660 Ave,
1073 1630 1167 1661 quam
1193 1623 1331 1654 excoluit

1015 1667 1158 1700 Christus
1183 1670 1372 1711 parituram,

966 1715 1053 1747 Deus
1078 1720 1110 1746 et
1133 1726 1227 1756 quam
1251 1717 1351 1748 voluit

1015 1771 1137 1795 omnem
1164 1767 1340 1796 creaturam

970 1811 1091 1851 Colere,
1114 1814 1147 1842 te
1170 1812 1272 1843 noluit

1014 1858 1109 1889 laude
1134 1860 1304 1891 carituram

968 1904 1113 1947 Formae,
1142 1906 1182 1937 de
1206 1915 1267 1946 qua
1290 1905 1399 1938 floruit

1019 1953 1122 1983 carnis
1147 1962 1206 1992 per
1229 1956 1384 1986 naturam.

970 2027 1051 2067 Ave,
1078 2028 1338 2067 splendidissima

1016 2074 1115 2116 virgo,
1142 2076 1238 2108 maris
1263 2075 1366 2116 stella,

970 2121 1073 2160 Salve,
1100 2122 1287 2153 suavissima

1016 2168 1107 2199 verbi
1128 2168 1190 2199 Dei
1216 2168 1306 2209 cella,

970 2215 1077 2246 Mater
1100 2217 1135 2245 tu
1159 2214 1367 2259 sanctissima,

1018 2270 1076 2301 pro
1100 2270 1152 2292 me
1175 2261 1354 2301 interpella,

972 2308 1022 2339 Ne
1046 2311 1217 2347 tempestas
1241 2313 1355 2342 noceat

1019 2355 1069 2386 vel
1094 2355 1204 2387 mundi
1227 2357 1380 2395 procella.
