1650 2612
547 604 584 635 II.
615 604 799 636 Psalterium
821 605 858 636 de
879 605 1024 636 Passione
1044 604 1172 642 Domini,

624 665 743 696 dictum
768 665 907 697 Granum
932 666 1097 705 passionis.

613 749 751 781 Prima
790 751 1101 790 Quinquagena.

229 815 258 847 1.
284 814 331 846 Te
354 817 390 845 ut
412 815 445 845 in
469 814 649 846 memoriam

328 869 470 894 revocem
497 861 647 903 salvator,

285 908 366 939 Mihi
391 908 632 947 benignissimus

333 955 408 986 assit
435 954 621 993 consolator,

288 1000 423 1040 Spiritus
449 1001 630 1041 praeclitus,

332 1051 405 1079 tuae
430 1047 602 1086 inspirator

288 1093 416 1126 Gratiae
441 1096 473 1124 et
497 1094 638 1126 cordium

333 1141 403 1180 pius
428 1140 616 1173 illustrator.

256 1241 262 1247 .
291 1215 494 1254 Redemptus,
521 1223 611 1254 quem
637 1217 795 1256 sanguinis

334 1271 409 1293 auro
434 1261 600 1300 redimisti,

291 1308 452 1340 Ascendat
479 1307 643 1339 Calvariae

335 1357 480 1393 montem,
507 1363 568 1394 quo
593 1355 714 1386 solvisti

288 1402 419 1443 Aurum,
445 1401 498 1432 ubi
524 1401 658 1440 pretium

334 1448 493 1488 sanguinis
519 1446 639 1489 fudisti,

288 1494 388 1534 Legat
411 1494 455 1526 ibi
480 1495 601 1534 gratiae

333 1542 457 1581 librum,
483 1550 573 1580 quem
599 1542 764 1581 scripsisti.

256 1642 263 1649 .
290 1617 342 1648 Ad
365 1617 427 1649 hoc
450 1625 536 1647 mens
563 1617 698 1658 evigilet,

336 1664 368 1695 in
393 1664 453 1695 hoc
477 1664 660 1704 delectetur,

291 1711 327 1742 In
354 1711 413 1742 hoc
437 1718 471 1741 se
496 1715 649 1750 exerceat,

336 1766 445 1790 manus
471 1758 636 1798 excitetur,

289 1805 335 1837 Ut
358 1808 429 1844 agat
456 1804 602 1845 viriliter,

336 1853 419 1882 totus
444 1849 654 1883 inflammetur

291 1897 402 1937 Homo,
427 1897 459 1928 in
485 1897 544 1928 hoc
564 1898 731 1929 Dominum

338 1952 446 1976 servus
470 1944 622 1977 imitetur.

256 2043 263 2051 .
289 2019 368 2057 Ave,
395 2026 483 2049 mons
510 2017 684 2062 Calvariae,

336 2065 555 2097 recordatione

288 2112 336 2143 Tu
361 2113 472 2152 dignus
497 2113 677 2155 praecipua,

335 2158 537 2191 veneratione

287 2205 491 2238 Excolendus
517 2206 640 2247 iugiter,

336 2262 426 2293 quem
452 2255 495 2292 tu,
521 2252 593 2284 Iesu
616 2252 705 2297 bone,

286 2301 380 2332 Facis
405 2299 638 2331 memorabilem

335 2351 388 2380 tua
413 2347 571 2389 passione.

902 818 934 849 5.
958 817 1038 856 Ave,
1063 824 1185 856 gemma
1211 816 1370 856 montium,

1005 872 1094 894 mons
1121 862 1310 904 coagulatus,

957 909 1050 941 Mons
1075 908 1199 949 pinguis
1225 909 1402 948 sanguineis

1006 956 1102 995 guttis
1131 955 1352 998 impinguatus,

961 1002 1136 1036 Salvatoris
1162 1001 1288 1033 Domini

1006 1049 1144 1081 lacn'mis
1170 1048 1300 1088 rigatus,

961 1096 1065 1128 Cedro
1089 1095 1303 1127 nobilissimae

1008 1143 1109 1174 mucis
1137 1142 1312 1175 decoratus

927 1243 933 1250 .
960 1217 984 1249 Ο
1010 1226 1109 1256 mons,
1135 1215 1197 1247 Dei
1222 1215 1305 1248 filius

1004 1264 1038 1295 in
1062 1266 1094 1294 te
1120 1263 1313 1303 decalvatus,

959 1311 1104 1342 Nudatus
1130 1312 1178 1341 est
1202 1310 1353 1353 vestibus,

1004 1358 1036 1388 in
1062 1365 1155 1389 cruce
1180 1357 1312 1396 levatus,

960 1405 996 1436 In
1022 1404 1135 1444 palmis
1161 1406 1193 1434 et
1217 1404 1352 1443 pedibus

1008 1452 1104 1482 clavis
1130 1453 1178 1481 est
1203 1451 1359 1492 plagatus,

961 1497 1086 1529 Lancea
1110 1497 1309 1529 mitissimum

1007 1543 1185 1584 perforavit
1207 1544 1301 1578 latus,

928 1644 935 1651 .
961 1620 1037 1652 Cum
1057 1620 1144 1659 ligna
1170 1618 1353 1661 defecerint,

1008 1667 1090 1706 ignis
1111 1667 1338 1708 exstinguetur,

958 1714 1017 1746 Ait
1040 1713 1168 1753 quidam
1192 1714 1337 1754 sapiens3

1007 1761 1057 1792 his
1083 1760 1187 1792 verbis
1215 1761 1362 1795 docetur:

960 1808 1107 1849 Auditor,
1135 1806 1162 1837 si
1186 1808 1309 1839 animae

1007 1854 1087 1893 ignis
1113 1862 1175 1884 non
1201 1853 1327 1887 fovetur

961 1900 1091 1940 Linguis
1117 1902 1228 1944 crucis,
1255 1904 1388 1942 proprio

1008 1948 1115 1987 vigore
1140 1949 1292 1986 privetur.

926 2047 933 2054 .
959 2021 1045 2061 Ergo
1069 2029 1109 2053 ne
1133 2023 1289 2062 igniculus

1008 2071 1080 2100 tuus
1106 2070 1333 2115 exstinguatur,

961 2116 1084 2157 Anima,
1113 2125 1173 2156 quo
1199 2118 1312 2163 caleas,

1008 2163 1136 2195 consulo
1162 2167 1252 2197 eatur

961 2209 997 2240 In
1022 2213 1159 2242 montem
1184 2212 1359 2254 Calvariae,

1007 2256 1053 2288 ibi
1078 2258 1244 2299 colligatur

963 2303 1011 2334 De
1035 2305 1136 2336 crucis
1157 2309 1354 2350 ramusculis,

1007 2352 1092 2384 unde
1114 2355 1283 2389 nutriatur.
