1650 2612
501 542 608 574 XVIII.
648 542 834 575 Psalterium
853 545 965 577 beatae
984 545 1103 577 Mariae
1123 545 1159 577 V.

586 641 724 674 Prima
757 642 860 681 Quin
873 651 1074 683 quagena.

219 747 224 753 .
252 723 331 766 Ave,
360 724 400 756 de
426 724 512 756 cuius
537 726 654 765 gremio

250 769 362 802 Exivit
387 772 436 803 vir
461 773 584 810 eximio,

253 817 311 857 Qui
337 818 447 851 beatus
474 820 605 852 consilio

249 864 316 897 Nos
341 869 434 898 vocat
458 866 497 898 ab
521 867 641 899 exsilio.

213 964 220 971 .
248 940 319 973 Ave
343 943 387 983 tu,
414 950 494 981 quae
518 941 677 974 Gabrielis

249 987 424 1020 Credidisti
447 989 481 1020 in
504 989 649 1028 loqueliS,

248 1034 315 1066 Nos
340 1037 373 1066 tu
400 1036 428 1067 ei
455 1035 532 1067 dare
557 1036 644 1076 velis,

248 1081 308 1121 Qui
330 1091 415 1114 nunc
438 1082 564 1114 habitat
585 1082 619 1114 iu
644 1082 750 1115 caelis.

214 1183 221 1190 .
248 1159 328 1198 Ave,
354 1160 388 1189 tu
413 1160 516 1190 mater
539 1157 650 1189 salutis

246 1205 353 1244 Atque
377 1205 505 1237 Domini
530 1205 666 1245 virtutis,

249 1252 353 1291 Ipsius
378 1253 526 1284 salutatio

246 1298 365 1331 Nostra
390 1298 452 1331 fuit
475 1298 619 1332 salvatio.

214 1400 221 1407 .
247 1376 326 1414 Ave,
353 1378 456 1408 mater
478 1374 627 1416 iustitiae,

247 1421 308 1454 Per
332 1431 425 1462 quam
449 1422 539 1455 nobis
564 1421 708 1453 laetitiae

247 1468 349 1500 Datur
373 1470 406 1501 in
431 1469 619 1501 sacrificium

247 1516 402 1556 Chr1stus,
429 1516 494 1548 vita
518 1516 699 1548 viventium.

212 1618 219 1625 .
245 1595 324 1632 Ave,
352 1593 503 1633 templum
530 1591 722 1623 sanctissimi

248 1640 291 1672 Et
315 1639 472 1671 thalamus
497 1639 651 1678 altissimi,

248 1687 307 1727 Qui
327 1695 384 1718 nos
409 1695 515 1718 secum
540 1685 707 1718 collocavit

247 1734 293 1766 Et
317 1743 386 1766 cum
411 1734 529 1765 sanctis
550 1732 718 1766 ordinavit.

209 1838 215 1844 .
244 1813 323 1850 Ave,
352 1811 439 1850 virgo
464 1810 658 1850 praedicata,

244 1859 283 1891 In
310 1852 451 1890 conclavi
477 1858 675 1898 conturbata,

247 1906 296 1938 Ne
320 1906 484 1937 turbemur
508 1906 541 1936 in
568 1903 674 1936 furore

242 1953 310 1985 Fac
334 1963 391 1985 nos
417 1953 525 1993 spargi
550 1952 630 1984 caeli
654 1961 735 1984 rore.

209 2058 216 2065 .
243 2032 323 2073 Ave,
350 2031 452 2061 mater
474 2028 628 2070 altissimi,

246 2078 306 2118 Qui
333 2077 387 2109 dat
412 2076 545 2108 salutem
571 2075 699 2118 homini,

241 2126 279 2158 In
305 2133 366 2165 quo
393 2124 520 2164 speravi
544 2123 669 2165 iugiter,

241 2173 288 2206 Ut
311 2181 363 2204 me
387 2172 490 2204 salvet
514 2170 661 2203 feliciter.

207 2275 215 2282 .
240 2251 321 2290 Ave,
349 2250 452 2281 mater
476 2247 561 2279 mitis
585 2246 668 2288 agni,

244 2297 339 2330 Cuius
364 2304 480 2329 nomen
504 2303 595 2335 reges
619 2294 724 2334 magni

242 2345 452 2377 Admirantur
478 2346 510 2375 et
532 2343 729 2383 tremiscunt,

242 2392 304 2424 Per
328 2401 420 2432 quem
445 2400 577 2432 regnum
603 2389 794 2429 adipiscunt.

896 728 927 759 9.
954 728 1033 769 Ave,
1058 731 1159 760 mater
1182 728 1241 759 Dei
1266 728 1385 768 thorus

872 943 928 976 10.

870 1158 924 1192 11.

871 1377 923 1408 12.

869 1593 920 1625 13.

869 1810 921 1844 14.

868 2029 923 2060 15,

868 2246 921 2281 16,

953 775 1049 813 Quam
1076 775 1209 806 honorat
1234 776 1311 807 caeli
1338 776 1458 814 chorus,

953 821 1024 853 Tibi
1049 822 1183 862 psallam
1210 824 1241 853 et
1264 822 1408 862 cantabo,

952 868 1090 907 Quantas
1107 878 1242 907 possum,
1260 870 1369 901 laudes
1384 870 1476 902 dabo.

954 944 1031 986 Ave,
1057 946 1169 985 mater,
1196 953 1288 983 quam
1313 945 1430 977 amavit

952 990 1044 1022 Orbis
1065 989 1167 1022 factor
1193 993 1224 1022 et
1247 990 1362 1029 beavit,

951 1037 1009 1076 Qui
1033 1046 1090 1069 nos
1115 1036 1194 1068 facit
1217 1038 1450 1078 transmigrare,

951 1084 1012 1115 Per
1035 1087 1077 1125 te,
1104 1084 1203 1126 virgo,
1230 1092 1334 1116 secum
1358 1089 1451 1117 stare.

950 1160 1029 1199 Ave,
1056 1162 1166 1201 mater,
1198 1162 1231 1190 tu
1254 1160 1381 1199 inopum

948 1206 1134 1238 Miseratrix
1159 1209 1190 1237 et
1214 1215 1398 1247 pauperum,

950 1254 1017 1286 Fac
1041 1262 1097 1285 nos
1121 1254 1168 1284 uti
1193 1259 1246 1284 tuo
1270 1262 1353 1293 rore,

950 1300 1016 1339 Quo
1042 1301 1198 1332 salvemur
1223 1300 1262 1332 ab
1289 1309 1407 1335 errore.

950 1376 1029 1415 Ave,
1055 1378 1164 1418 mater,
1187 1376 1273 1407 euius
1298 1379 1389 1407 natus

950 1423 1011 1455 Est
1034 1423 1076 1454 ad
1100 1422 1196 1454 vitam
1223 1423 1312 1454 nobis
1339 1422 1440 1465 datus,

949 1470 1027 1510 Fac,
1052 1472 1088 1501 ut
1110 1470 1160 1501 illi
1183 1471 1375 1510 placeamus,

949 1517 1000 1548 Ne
1023 1517 1056 1548 in
1080 1520 1182 1549 morte
1209 1517 1409 1550 dormiamus.

947 1594 1027 1631 Ave,
1055 1593 1151 1633 virgo,
1179 1593 1347 1635 gratulare,

947 1640 999 1672 Ex
1024 1640 1099 1672 Sion
1126 1639 1203 1671 dans
1229 1641 1377 1680 salutare,

950 1688 1010 1719 Per
1035 1687 1119 1726 quod
1142 1686 1237 1719 Iacob
1264 1687 1429 1730 exaltatur,

946 1734 1047 1766 Israel
1073 1736 1104 1765 et,
1128 1734 1324 1766 collaetatur.

948 1810 1028 1849 Ave,
1055 1817 1135 1849 quae
1157 1810 1227 1841 sine
1249 1810 1374 1842 macula

949 1857 1081 1889 Intrasti
1103 1855 1318 1898 tabernacula,

950 1905 1012 1937 Per
1037 1912 1134 1943 opera
1157 1904 1298 1936 iustitiae

946 1951 1013 1983 Nos
1039 1951 1158 1984 colloca
1182 1952 1213 1982 in
1240 1951 1357 1992 requie.

949 2028 1029 2066 Ave,
1053 2035 1133 2067 quae
1156 2027 1218 2059 iam
1244 2028 1384 2060 restituis

946 2075 1165 2107 Hereditatem
1189 2075 1334 2115 perditis,

947 2122 1145 2155 Laudaberis
1171 2122 1298 2155 assidue

946 2170 1034 2202 Dans
1059 2170 1202 2202 omnibus
1228 2178 1316 2212 spem
1342 2170 1460 2202 veniae.

949 2247 1027 2285 Ave,
1054 2253 1134 2286 quae
1158 2245 1289 2277 salvasti
1314 2254 1393 2288 reos,

946 2294 1014 2326 Iam
1040 2293 1180 2334 guberna
1204 2302 1329 2332 gressus
1354 2302 1439 2325 meos

950 2342 1011 2374 Per
1036 2340 1164 2373 semitas
1189 2340 1362 2373 electorum

948 2391 1053 2428 Atque
1079 2387 1140 2420 Dei
1163 2388 1394 2421 mandatorum.
