1650 2612
161 227 216 259 63.

163 635 218 666 64.

165 1041 221 1074 65.

164 1447 220 1480 66.

163 1856 218 1888 67.

163 2267 218 2299 68.

669 136 926 171 *215*

243 226 324 269 Ave,
349 228 383 260 in
407 238 499 269 quam
526 231 638 272 capitis

292 275 459 308 descendit
481 282 671 318 unguentum

242 322 287 354 Et
309 323 342 354 in
366 324 516 356 membris
541 326 612 357 aliis

290 372 422 409 tangens
446 372 676 415 vestimentum,

242 416 443 449 Abolendum
470 419 609 451 criminis

292 464 383 496 dedit
406 469 645 507 sacramentum,

242 510 331 549 Quod
357 510 441 544 foret
463 513 613 545 invalidis

293 559 416 591 animae
439 559 622 593 fomentum.

244 634 325 674 Ave,
352 644 443 675 quam
469 636 502 667 in
527 637 655 675 specula

294 684 381 713 stans
407 683 454 714 sic
477 683 641 715 benedixit

245 728 409 771 Dominus,
437 730 490 769 qui
514 731 639 761 saecula

292 779 387 816 atque
412 777 515 808 caelos
539 776 618 816 fixit,

246 824 308 855 Per
333 828 366 856 te
390 824 499 855 mundi
524 825 644 856 scelera

293 871 407 903 tollere
433 871 587 913 distinxit,

247 918 353 961 Virgo,
380 918 432 958 qui
456 918 536 949 haec
559 918 658 950 ubera

295 965 333 996 de
359 968 391 996 te
415 968 507 997 natus
532 966 635 997 linxit.

247 1041 328 1082 Ave,
353 1041 441 1081 virgo
466 1041 632 1080 virginum,

295 1088 380 1119 omni
405 1088 500 1119 laude
526 1088 630 1127 digna,

248 1135 343 1175 Regis
368 1143 476 1175 regum
501 1135 636 1166 omnium

294 1182 437 1222 genetrix
457 1182 604 1222 benigna,

246 1230 282 1261 In
309 1238 369 1269 qua
394 1228 585 1260 mirabilium

292 1278 366 1307 sunt
389 1278 516 1307 ostensa
540 1276 630 1315 signa

246 1323 373 1365 Rerum,
400 1332 457 1354 nos
481 1332 540 1362 per
560 1321 660 1354 filium

293 1371 378 1410 patri
402 1370 598 1410 reconsigna.

245 1447 325 1486 Ave,
354 1446 441 1478 cuius
465 1446 579 1477 minuit

292 1493 375 1525 filius
400 1492 568 1535 infernum,

247 1541 342 1573 Cuius
367 1549 480 1572 nomen
505 1541 606 1581 viguit

291 1597 421 1620 manens
445 1588 479 1619 in
505 1591 678 1625 aeternum,

246 1635 341 1669 Cuius
365 1643 426 1675 ope
450 1635 578 1666 transiit

291 1683 426 1724 populus
454 1683 623 1723 desertum,

245 1730 308 1762 Per
332 1733 365 1761 te
385 1729 475 1761 nobis
500 1729 624 1769 mitiget

291 1777 429 1809 animum
454 1780 630 1817 paternum.

244 1855 324 1895 Ave,
351 1855 383 1885 et
407 1853 449 1885 ad
473 1853 613 1892 lapidem

291 1901 459 1941 parvulum
483 1900 591 1940 allide,

245 1950 290 1982 Et
311 1952 347 1980 ut
372 1948 491 1981 Christi
512 1946 625 1979 faciem

294 2006 375 2037 pura
394 2004 519 2027 cernam
544 1994 618 2034 fide,

244 2044 309 2078 Ubi
333 2044 468 2076 laudans
494 2043 617 2083 apicem

292 2092 422 2125 deitatis
446 2092 559 2132 trinae,

245 2140 368 2172 Visioni
394 2140 494 2171 aciem

292 2186 428 2220 inferam
454 2186 590 2219 divinae.

243 2265 325 2306 Ave,
351 2265 441 2305 virgo
465 2263 634 2304 virginum,

294 2313 391 2351 salve,
418 2312 512 2344 stella
536 2310 643 2354 maris,

245 2361 281 2393 In
309 2363 481 2400 conspectu
506 2359 619 2391 civium

294 2408 374 2440 caeli
398 2408 575 2446 honoraris,

842 450 895 482 69.

844 853 898 884 70.

848 1257 902 1288 71.

845 1663 898 1696 72.

845 2071 899 2104 73.

921 233 1044 272 Tangat
1069 242 1128 265 vox
1152 232 1314 264 humilium

968 282 1010 321 te,
1036 288 1105 311 cum
1128 280 1294 319 invocaris,

922 326 1027 366 Opera
1051 328 1133 366 quod
1157 336 1302 359 manuum

968 372 1030 405 fine
1053 375 1181 408 tuearis,

922 449 1002 490 Ave,
1028 457 1108 488 quae
1131 449 1292 481 scientiam

970 504 1002 526 es
1027 497 1139 528 sortita
1162 497 1284 534 miram,

923 542 972 573 Tu
995 551 1053 581 per
1078 544 1300 575 continentiam

970 589 1121 629 mitigasti
1144 591 1224 622 iram

923 636 1042 667 Iudicis
1067 638 1252 669 sententiam

971 686 1003 713 et
1025 681 1142 715 flexisti
1167 684 1278 725 diram,

923 730 1037 762 Feram
1063 732 1271 763 reverentiam

970 777 1039 817 tibi,
1066 778 1167 818 quoad
1195 778 1307 810 vivam.

924 852 1003 893 Ave,
1030 852 1116 884 cuius
1142 854 1269 885 castitas

971 908 1033 930 non
1061 904 1109 931 est
1132 899 1306 943 obfuscata,

926 945 989 977 Sed
1013 946 1059 977 ita
1082 947 1245 987 integritas

971 996 1026 1024 tua
1052 993 1208 1032 decorata,

930 1038 971 1071 Ut
994 1048 1052 1079 per
1076 1040 1159 1072 hanc
1183 1041 1359 1072 humanitas

971 1087 1062 1126 lapsa
1086 1091 1235 1120 revocata

926 1133 1055 1165 Sursum
1080 1138 1112 1166 et
1135 1134 1259 1166 felicius

973 1181 1068 1212 caelis
1093 1182 1135 1213 sit
1158 1182 1271 1215 locata.

926 1256 1005 1298 Ave,
1031 1265 1111 1295 quae
1136 1257 1295 1297 praesidio

974 1303 1104 1342 spiritus
1129 1304 1258 1345 munita,

926 1350 1012 1382 Bene
1037 1359 1070 1381 es
1095 1351 1134 1383 ab
1163 1351 1288 1382 homine

972 1397 1055 1429 malo
1079 1398 1246 1440 custodita,

925 1446 985 1486 Ita,
1011 1447 1047 1476 ut
1070 1455 1129 1477 nec
1152 1446 1304 1478 scandala

973 1492 1061 1524 iuxta
1084 1493 1148 1524 iter
1172 1493 1233 1524 sita

924 1539 993 1571 Nec
1017 1543 1049 1570 te
1073 1541 1138 1572 tela
1161 1541 1325 1572 laederent

971 1587 1048 1618 belli
1072 1587 1209 1622 inimica.

923 1662 1003 1706 Ave,
1029 1663 1063 1694 in
1087 1664 1206 1703 palatio

973 1710 1053 1741 caeli
1077 1711 1241 1750 advocata,

926 1758 988 1789 Per
1013 1761 1045 1788 te
1068 1759 1132 1789 sint
1156 1758 1340 1798 peccamina

972 1807 1081 1836 nostra
1106 1806 1312 1845 complacata,

927 1851 1022 1884 Cuius
1047 1855 1096 1883 est
1118 1853 1219 1884 oratio

973 1902 1063 1939 grata
1088 1902 1123 1931 ut
1145 1901 1285 1940 incensa,

926 1946 1039 1978 Manus
1065 1948 1198 1980 elevatio

972 1994 1100 2027 victima
1125 2004 1285 2029 succensa.

925 2071 1005 2110 Ave,
1033 2071 1119 2103 cuius
1144 2072 1253 2104 valida

973 2127 1034 2150 vox
1060 2122 1109 2151 est
1131 2123 1205 2151 ante
1228 2119 1340 2161 Deum,

926 2166 1004 2206 Quia
1026 2167 1232 2207 acceptabilis

975 2216 1079 2245 exstas
1104 2217 1178 2247 ante
1203 2223 1283 2256 eum,

928 2261 996 2293 Nec
1021 2264 1067 2293 est
1091 2263 1304 2303 implacabilis

975 2307 1060 2341 flecti
1082 2313 1214 2350 propter
1237 2319 1336 2350 reum,

930 2357 993 2389 Sed
1019 2366 1135 2390 exuens
1160 2358 1297 2390 iudicem

974 2413 1008 2436 se
1034 2405 1089 2437 dat
1112 2406 1171 2440 tibi
1194 2407 1322 2439 laetum.
