1650 2612
203 199 257 231 29.

198 600 255 632 30.

201 1004 256 1036 31.

199 1406 253 1438 32.

200 1809 253 1840 33.

198 2211 253 2243 34.

718 103 950 138 ,24-

284 198 387 239 Salve,
414 208 499 242 crux,
527 208 588 239 qua
615 198 737 231 veniam

327 246 420 278 Ionas
447 247 536 278 dedit
558 246 683 287 mundo,

283 293 327 325 Ut
352 294 501 325 mundum
528 293 697 324 redimeret

329 339 454 371 Mersus
479 340 574 371 maris
599 338 706 377 fundo,

284 386 342 424 Qui
368 386 504 418 clamant
528 386 569 417 ad
593 385 760 416 Dominum

328 433 361 463 in
386 434 461 464 mali
485 431 653 472 profundo,

282 480 311 510 A
336 479 487 510 malorum
514 478 637 518 gurgite

328 525 518 556 mundentur
541 524 711 557 immundo.

282 599 384 638 Salve,
412 609 498 639 crux,
524 600 696 631 remedium

328 646 425 678 oculis
452 647 552 686 elatis,

279 693 467 732 Exemplum
494 693 663 724 humilibus

328 740 405 771 dans
428 740 624 780 humilitatis,

279 787 316 818 In
341 789 371 818 te
396 788 537 827 pendens
562 787 688 818 humilis

326 833 412 865 Deus
436 834 609 866 maiestatis

277 880 416 912 Mentem
443 882 539 913 donet
562 880 709 912 humilem

325 927 424 967 magis
447 931 478 959 et
501 926 628 960 inflatis

283 1001 385 1044 Salve,
413 1011 498 1044 crux,
524 1002 557 1033 in
583 1000 720 1033 foederis

324 1057 399 1079 arca
422 1048 556 1089 figurata

279 1095 322 1127 Et
346 1104 421 1127 arca
446 1096 556 1127 diluvii

325 1142 395 1173 Noe
420 1143 629 1182 praesignata,

280 1190 367 1220 Arca
391 1189 433 1220 sit
458 1189 609 1220 eeclesiae

325 1244 385 1275 per
406 1238 439 1267 te
462 1236 608 1273 liberata,

279 1283 366 1314 Arca
389 1285 502 1321 pauset
524 1282 646 1313 animae

324 1329 432 1368 requie
458 1329 558 1361 beata.

280 1403 384 1444 Salve,
411 1413 497 1443 crux,
524 1413 585 1443 qua
611 1404 722 1442 eapitis

324 1454 481 1490 unguento
505 1451 599 1482 linita

278 1498 417 1530 Unitatis
441 1498 566 1530 vinculo

324 1544 465 1577 membra
489 1547 563 1575 sunt
585 1544 682 1585 unita,

278 1592 396 1630 Quibus
420 1601 482 1623 una
504 1591 623 1631 regula,

323 1647 386 1669 una
408 1638 462 1670 lex
487 1641 535 1669 est
558 1638 630 1678 sita,

277 1685 387 1716 Mente
410 1686 474 1716 sint
496 1685 658 1716 unanimes

325 1734 357 1763 et
382 1732 553 1764 concordes
578 1732 653 1763 vita.

281 1807 383 1848 Salve,
411 1816 496 1846 crux,
522 1807 708 1838 sententiam

323 1854 466 1892 poenalis
491 1853 585 1884 edicti

275 1899 317 1931 Et
343 1899 461 1939 antiqui
487 1900 632 1930 relevans

323 1954 456 1985 poenam
482 1946 653 1983 maledieti,

278 1992 474 2023 Benedicant
495 1992 664 2023 Dominum

324 2047 382 2078 per
405 2042 438 2070 te
462 2038 631 2076 benedicti,

276 2086 330 2118 Ad
355 2093 445 2125 quem
469 2094 579 2116 manus
603 2086 748 2117 noctibus

322 2132 470 2164 attollunt
494 2130 624 2165 adflicti.

279 2208 383 2250 Salvo,
411 2216 497 2251 crux,
525 2216 616 2247 quam
639 2209 799 2249 sanguinis

323 2255 411 2294 signo
435 2255 662 2295 praesignavit,

277 2303 336 2342 Qui
362 2310 431 2333 cum
456 2302 673 2342 primogenitis

322 2350 501 2390 Aegyptum
529 2349 698 2389 damnavit,

872 414 929 445 35.

871 816 925 847 36.

871 1218 925 1250 37.

870 1621 924 1653 38.

871 2023 925 2055 39.

954 197 1020 230 Nos
1045 199 1147 230 salvet
1169 199 1203 229 in
1225 198 1377 238 sanguine

1000 246 1067 284 Quo
1091 254 1164 277 suos
1189 245 1334 283 salvavit,

952 293 1010 331 Qui
1035 296 1141 331 postes
1167 294 1199 323 et
1220 291 1331 324 limina

1000 339 1150 378 sanguine
1174 338 1321 377 signavit.

955 413 1060 452 Salve,
1088 421 1175 453 crux,
1202 414 1375 446 exereitum

1000 459 1138 499 perdens
1163 459 1336 492 Pharaonis

953 506 1068 546 Signis,
1097 506 1202 537 ditans
1226 506 1328 538 Israel

998 553 1031 583 in
1057 552 1182 584 deserto
1209 551 1310 593 donis,

952 599 1047 631 Hunc
1070 599 1180 630 laudet
1204 599 1374 631 laudabilis

999 647 1068 678 laus
1094 644 1311 686 confessionis,

953 694 1011 733 Qui
1035 702 1092 724 nos
1119 692 1219 724 crucis
1245 701 1375 724 munere

1000 740 1096 771 tantis
1123 739 1204 771 dit-at
1225 740 1326 772 bonis

952 815 1056 856 Salve,
1083 824 1170 855 crux,
1196 824 1257 854 qua
1282 816 1407 855 parvuli

999 866 1110 901 petrae
1135 862 1320 904 alliduntur,

951 907 1033 940 Fide
1059 907 1176 940 Christi
1200 909 1287 940 noxii

999 957 1101 986 motus
1125 954 1349 995 reprimuntur,

952 1002 1055 1042 Super
1079 1002 1275 1040 Babyloniae

998 1047 1110 1079 fluetus
1135 1048 1189 1088 qui
1213 1051 1396 1089 queruntur,

952 1095 1014 1127 Per
1037 1098 1070 1126 te
1096 1097 1211 1127 canant
1234 1096 1366 1134 cantica,

998 1151 1078 1182 quae
1104 1142 1200 1173 caelis
1227 1145 1391 1174 canuntur.

951 1218 1054 1256 Salve,
1082 1226 1168 1255 crux,
1195 1227 1256 1256 qua
1280 1217 1393 1249 tribuit

1000 1274 1056 1304 pro
1081 1264 1172 1295 nobis
1197 1265 1360 1304 tributum,

950 1312 1047 1344 Suum
1070 1314 1213 1342 sanctum
1239 1311 1422 1351 sanguinem

997 1358 1150 1390 Dominus
1173 1358 1336 1398 virtutum,

950 1406 1009 1445 Qui
1033 1404 1182 1437 formavit
1205 1406 1350 1437 manibus

996 1455 1124 1484 nostrae
1149 1454 1253 1484 carnis
1276 1453 1387 1492 lutum,

951 1499 1036 1539 Opus
1060 1508 1123 1530 non
1147 1499 1302 1537 despiciat

998 1555 1087 1577 suum
1113 1546 1307 1578 destitutum.

951 1621 1055 1660 Salve,
1083 1629 1168 1662 crux,
1196 1630 1258 1660 qua
1281 1622 1379 1653 sessio

996 1667 1124 1699 Domini
1149 1669 1292 1700 mortalis

949 1715 993 1746 Et
1016 1717 1090 1754 post
1113 1716 1303 1747 resurreetio

1000 1762 1093 1793 datur
1117 1762 1326 1805 triumphalis⁷

952 1808 1035 1846 Quos
1058 1808 1194 1839 involvit
1215 1810 1313 1841 sessio

997 1855 1108 1886 mortis
1132 1856 1299 1896 generalis,

949 1902 1011 1933 Per
1035 1903 1067 1931 te
1090 1903 1279 1934 resurrectio

997 1948 1099 1979 salvet
1122 1950 1301 1981 aeternalis.

954 2022 1057 2060 Salve,
1084 2032 1173 2063 crux,
1199 2032 1260 2063 qua
1283 2024 1417 2058 Domino

997 2070 1105 2109 lingua
1128 2078 1286 2103 venenosa

951 2115 1093 2156 Superbe
1119 2117 1301 2150 detraxerat

997 2163 1088 2202 plebs
1109 2165 1296 2207 perniciosa,

951 2211 979 2242 A
1004 2213 1096 2250 peste
1119 2212 1288 2251 superbiae

997 2257 1167 2298 linguaque
1189 2260 1334 2301 linguosa

950 2304 1016 2336 Nos
1042 2304 1195 2338 defendat
1217 2310 1323 2348 passio

998 2352 1116 2385 Christi
1141 2355 1288 2394 gloriosa.
