1650 2612
245 227 279 259 9.
305 227 385 269 Ave,
412 228 499 260 cuius
523 228 607 261 filius

349 284 451 307 novae
474 276 553 316 legis
578 277 661 309 lator

306 321 407 354 Nobis
433 323 620 355 constitutus
646 328 695 356 est

349 372 476 401 sanctus
502 373 532 401 et
559 372 707 413 salvator,

302 416 468 448 Inimicum
495 421 637 450 conterat

351 462 444 495 fortis
470 469 675 507 expugnator,

302 509 364 541 Dei
388 512 450 542 iam
477 514 509 543 et
532 512 691 544 hominum

350 557 452 590 factus
474 559 640 591 mediator.

222 632 278 665 10.
307 634 385 673 Ave,
410 643 499 665 mons
522 634 672 674 iustitiae,

350 681 383 712 in
409 690 500 720 quem
525 682 778 721 transmigratur,

302 727 348 760 Ut
372 728 405 759 in
432 727 550 760 Christi
574 729 700 760 nomine

348 777 416 806 tota
439 783 512 814 spes
534 778 681 817 ponatur,

301 823 331 853 A
358 831 419 861 quo
443 824 516 853 tuus
541 825 649 854 uterus

349 869 423 901 dum
447 869 653 911 inhabitatur,

299 916 465 956 Templum
491 919 632 948 sanctum
658 917 784 949 Domini

350 964 533 1003 caelumque
557 967 696 996 vocatur.

221 1038 274 1070 11.
301 1040 380 1079 Ave,
407 1039 468 1071 viri
492 1039 608 1080 nescia,

347 1087 435 1125 virgo
460 1086 639 1126 singularis,

299 1134 385 1172 Quae
409 1133 542 1164 salutem
567 1133 679 1173 angelo

343 1180 509 1211 nuntiante
532 1180 629 1220 paris,

296 1227 396 1266 Opem
421 1225 470 1258 fer
493 1227 657 1267 praesidii,

344 1274 436 1305 stella
462 1273 621 1312 salutaris,

296 1322 346 1353 Ne
370 1322 455 1353 salus
482 1319 610 1352 deficiat

343 1369 428 1400 inter
451 1366 564 1399 fluctus
590 1369 696 1402 mariS.

217 1447 271 1478 12.
297 1446 378 1486 Ave,
404 1453 462 1484 per
486 1452 578 1483 quam
603 1443 757 1476 Dominus

345 1492 446 1524 nostri
468 1499 531 1522 non
555 1490 672 1522 oblitus

297 1539 365 1571 Nec
389 1541 535 1571 avertens
558 1536 672 1569 faciem

341 1586 431 1618 nobis
456 1588 505 1616 est
527 1584 644 1624 unitus,

293 1634 397 1666 Purus
423 1632 537 1664 mentis
562 1632 671 1664 oculus

342 1682 385 1712 sit
408 1685 440 1712 et
465 1679 643 1723 expeditus,

294 1728 344 1761 Ne
369 1737 505 1768 unquam
531 1726 710 1758 obdormiat

340 1776 373 1807 in
398 1778 501 1807 morte
525 1774 657 1813 sopitus

210 1853 267 1885 13.
293 1853 374 1894 Ave,
400 1860 494 1892 quam
519 1848 683 1889 magnifice

341 1900 475 1932 laudant
499 1898 656 1936 universa,

293 1948 376 1979 Vero
400 1945 578 1987 sapientiae

338 1995 458 2027 lumine
481 2000 639 2033 respersa,

292 2043 416 2076 Sentiat
441 2045 472 2074 et
497 2041 603 2081 sapiat

337 2099 425 2123 mens
451 2090 493 2122 ad
518 2092 550 2120 te
575 2096 737 2127 conversa,

292 2139 380 2178 Quod
408 2147 467 2179 per
490 2140 523 2168 te
545 2134 715 2175 captivitas

338 2187 442 2228 plebis
468 2188 517 2217 est
541 2191 664 2216 aversa.

205 2265 261 2298 14.
286 2264 367 2306 Ave,
395 2263 483 2294 cuius
507 2260 592 2294 filius

336 2320 425 2343 mons
452 2312 501 2342 est
523 2310 653 2341 sanctae
677 2306 755 2346 spei,

288 2360 407 2392 Factus
433 2356 674 2390 tabernaculum

334 2416 429 2440 verae
453 2405 584 2446 requiei,

825 132 893 168 219
940 152 987 157 —

898 446 952 478 15.

896 849 950 881 16.

900 1252 955 1285 17.

890 1659 945 1691 18.

889 2068 943 2099 19.

979 229 1056 270 Fac,
1080 232 1117 261 ut
1139 238 1197 270 per
1219 229 1373 261 iustitiam

1024 276 1223 309 inhaerentes
1250 277 1278 307 ei

978 324 1159 356 Mereamur
1181 323 1251 355 fieri

1026 370 1213 403 corheredes
1237 370 1308 402 Dei.

976 445 1057 485 Ave,
1083 455 1142 486 per
1165 455 1259 486 quam
1284 445 1411 477 reddita

1025 501 1097 533 spes
1123 495 1171 525 est
1196 492 1382 533 desperatis,

978 539 1096 577 Quibus
1122 543 1170 572 est
1193 540 1352 571 hereditas

1024 588 1171 618 restituta
1190 587 1298 627 gratis,

978 633 1064 664 Vera
1087 633 1191 665 factus
1216 634 1320 665 hostia

1026 680 1169 712 Christus
1193 690 1253 721 pro
1276 681 1418 720 peccatis

978 728 1056 759 Pars
1081 729 1124 759 sit
1147 731 1248 759 nostri
1273 727 1391 769 calicis,

1023 783 1098 813 pars
1121 775 1319 810 hereditatis.

977 850 1056 885 Ave,
1084 851 1171 881 cuius
1195 853 1319 881 uterum

1024 896 1167 928 Christus
1193 906 1262 928 cum
1284 897 1416 928 intravit

976 943 1052 982 Igne
1069 945 1171 976 sancti
1196 944 1326 983 spiritus

1024 999 1078 1021 cor
1103 991 1294 1022 examinavit

976 1036 1029 1076 Et,
1054 1040 1091 1068 nt
1114 1041 1217 1069 mater
1240 1037 1344 1079 fieres,

1024 1084 1149 1123 dignam
1175 1085 1376 1128 approbavit,

978 1131 1039 1162 Per
1062 1133 1095 1163 te
1118 1141 1175 1163 nos
1201 1131 1362 1171 respiciat,

1023 1177 1076 1217 qui
1100 1188 1157 1210 nos
1182 1179 1334 1211 visitavit.

980 1253 1061 1293 Ave,
1087 1253 1174 1285 cuius
1197 1252 1282 1285 filius

1024 1300 1127 1332 caelos
1152 1301 1327 1339 inclinavit,

974 1346 1047 1378 Tibi
1073 1355 1142 1379 cum
1167 1348 1313 1379 altissimi

1021 1394 1120 1426 virtus
1145 1395 1355 1437 obumbravit,

974 1440 1040 1472 Nos
1064 1441 1097 1474 in
1123 1442 1243 1474 caelum
1269 1442 1413 1474 sublevet

1019 1489 1155 1532 salvans,
1183 1498 1259 1529 quos
1286 1489 1415 1531 creavit,

972 1535 1031 1574 Qui
1055 1545 1115 1575 per
1139 1540 1172 1568 te
1196 1537 1363 1577 terrigenis

1018 1592 1052 1614 se
1078 1585 1338 1624 contemperavit.

972 1661 1051 1701 Ave,
1078 1661 1165 1692 cuius
1189 1663 1314 1692 uterum

1018 1716 1126 1747 regum
1150 1717 1207 1739 rex
1231 1708 1402 1748 ingressus,

970 1753 1016 1786 Ut
1040 1763 1172 1794 sponsus
1200 1755 1239 1787 de
1262 1755 1402 1787 thalamo

1018 1801 1162 1834 Christus
1188 1805 1237 1834 est
1260 1811 1417 1843 egressuS,

971 1847 1024 1880 Sic
1048 1849 1088 1881 de
1112 1849 1317 1881 tabernaculo

1016 1896 1093 1928 solis
1118 1897 1166 1929 sol
1191 1905 1378 1937 progressus

971 1943 1037 1975 Nos
1062 1944 1095 1976 in
1122 1945 1172 1977 via
1197 1945 1325 1985 dirigat,

1018 1993 1157 2033 corrigat
1181 2000 1339 2026 excessus,

968 2067 1048 2107 Ave,
1073 2076 1154 2109 quae
1179 2068 1331 2100 auxilium

1019 2115 1058 2146 de
1082 2119 1192 2148 sancto
1217 2116 1330 2157 tulisti,

969 2162 1053 2195 Dum
1078 2167 1188 2196 sancta
1211 2163 1443 2195 sanctissimum

1018 2210 1114 2251 digna
1138 2212 1312 2251 concepisti

969 2257 1089 2292 Nostra
1113 2260 1156 2291 sit
1179 2259 1314 2291 salvatio

1016 2314 1091 2339 vera
1115 2306 1195 2340 fides
1222 2306 1353 2346 Christi,

969 2354 1066 2393 Quem
1091 2355 1154 2387 fide
1180 2354 1370 2396 concipiens,

1016 2402 1115 2446 virgo,
1143 2403 1289 2443 genuisti.
