1650 2612
205 218 222 249 Εἰ(

173 1821 228 1852 10.

167 2152 220 2184 11.

696 126 931 161 —57—

229 242 235 249 .
262 217 343 258 Ave,
367 219 449 250 lueis
474 220 619 262 altitudo,

262 263 362 302 Quem
385 265 515 305 inspicit
539 268 708 300 multitudo

311 311 469 344 Virtutum
496 314 687 355 caelestium,

260 358 309 389 Tu
333 367 504 398 puerorum
528 361 662 402 puritas,

261 404 308 436 Te
332 407 459 445 peperit
482 408 648 448 virginitas

307 453 361 485 Ad
384 453 519 485 salutem
544 456 691 488 omnium.

226 562 232 568 .
258 536 339 577 Ave,
366 538 449 579 lesu,
476 548 533 572 rex
558 540 715 572 caelorum

259 584 318 616 Pia
341 594 438 624 prece
462 595 669 626 supernorum

304 631 454 665 Emunda
477 642 534 665 nos
559 643 579 665 a
601 634 690 676 vitio,

258 677 341 709 Dum
366 680 519 713 recordor
543 683 629 711 tuam
654 689 763 712 necem

257 725 355 766 Pone,
381 735 508 768 precor,
531 735 633 758 meam
657 737 784 767 precem

304 773 342 804 In
367 774 448 805 caeli
473 774 624 807 sacrario.

225 882 231 888 .
259 857 339 897 Ave,
365 857 448 898 Iesu,
476 859 563 890 cuius
588 868 699 891 nomen

260 904 296 935 In
322 905 423 936 Israel
448 906 534 937 velut
560 915 650 938 omen

307 951 461 983 Primitus
487 956 535 984 est
560 954 727 994 cognitum,

258 998 332 1030 Illic
356 1008 445 1030 arma
471 999 654 1040 confregisti

258 1045 303 1076 Et
329 1046 368 1076 de
395 1046 490 1077 caelis
514 1047 718 1078 transmisisti

305 1092 458 1131 Spiritum
481 1094 680 1132 paraclitum.

223 1201 231 1209 .
258 1177 340 1216 Ave,
367 1180 412 1215 tu,
440 1178 527 1209 cuius
553 1178 636 1209 oculi

255 1224 317 1256 Pro
344 1224 483 1256 remedio
508 1225 618 1264 populi

301 1271 418 1303 Tulere
443 1271 578 1313 vigilias,

255 1318 355 1350 Tuam
380 1319 505 1358 plebem
530 1319 702 1350 traduxisti

255 1366 318 1397 Per
342 1375 440 1407 mare,
466 1375 528 1406 quo
557 1366 735 1398 demersisti

302 1413 481 1453 Phalangas
505 1413 692 1453 Aegyptias

255 1499 336 1537 Ave,
362 1497 445 1537 Iesu,
473 1497 558 1530 vitae
582 1499 701 1536 pastus,

257 1545 351 1577 Cuius
377 1553 473 1584 sapor
496 1545 589 1583 pellit
613 1543 715 1575 fastus

301 1592 346 1624 Et
371 1600 498 1622 cruores
524 1591 675 1631 criminis,

255 1640 372 1671 Panem
399 1638 478 1670 caeli
504 1639 665 1669 contulisti

255 1686 387 1726 Populo,
416 1694 506 1725 quem
533 1685 671 1717 eduxisti

301 1733 351 1765 De
376 1736 463 1764 terra
487 1732 642 1772 caliginiS.

254 1819 335 1858 Ave,
361 1821 470 1850 nostra
494 1815 662 1861 professio,

255 1866 354 1905 Quam
380 1865 518 1906 acquirit
542 1865 642 1896 oratio

300 1914 445 1953 Puraque
470 1911 637 1953 confessio,

253 1961 344 1993 Hanc
368 1961 402 1992 hi
429 1961 522 2000 digne
545 1960 677 1991 mercati
694 1962 778 2000 sunt,

250 2009 309 2047 Qui
334 2011 367 2040 te
395 2008 493 2040 Deum
518 2007 618 2039 secuti
643 2009 717 2038 sunt

297 2056 448 2096 Corporis
468 2055 632 2095 martyrio.

248 2152 326 2193 Ave,
356 2150 436 2187 Iesu,
465 2149 518 2189 qui
543 2148 671 2180 milibus

250 2198 337 2231 Caeli
362 2205 476 2237 praees
501 2196 673 2229 virtutibus

296 2246 359 2278 Per
383 2253 536 2277 summam
562 2244 747 2285 potentiam,

248 2294 310 2325 Per
334 2296 367 2325 te
392 2293 489 2324 vitam
514 2292 694 2324 aetheream

246 2341 426 2375 Humanam
451 2340 516 2380 regi
542 2340 667 2371 vineam

293 2389 427 2421 Oramus
451 2396 510 2427 per
534 2387 679 2427 gratiam.

857 223 914 256 12.

858 541 912 574 13.

857 860 912 891 14.

855 1178 909 1210 15.

853 1497 906 1529 16.

853 1817 907 1849 17.

850 2149 903 2182 18.

940 224 1018 266 Ave,
1045 230 1175 263 granum
1199 223 1368 263 triticeum,

941 270 1031 309 Quod
1056 269 1236 308 comprimit
1259 270 1400 301 aculeum

986 317 1094 349 Famis
1121 318 1153 347 et
1175 315 1334 355 infamiae,

939 364 1010 396 Hoc
1035 363 1192 395 frumento
1217 366 1394 403 reparatur,

939 411 997 451 Qui
1022 414 1054 442 te
1077 409 1180 442 Deum
1206 413 1373 442 veneratur

988 458 1064 490 Cum
1092 457 1177 488 cultu
1201 457 1351 492 iustitiae.

938 542 1018 582 Ave,
1044 542 1125 584 Iesu,
1154 542 1264 573 doctus
1289 542 1406 581 scriba,

937 588 1006 620 Tua
1030 590 1100 629 lege
1124 592 1194 620 tuos
1220 589 1290 620 ciba

985 636 1084 667 Iudex
1109 634 1211 666 factus
1233 636 1392 678 pauperis,

937 681 1136 723 Hominibus,
1164 691 1240 721 quos
1264 683 1439 724 plasmasti,

936 729 995 767 Qui
1019 738 1078 767 pro
1103 728 1194 759 nobis
1220 729 1398 773 decertasti,

984 775 1139 808 Miserere
1162 776 1295 809 miseris,

939 859 1017 897 Ave,
1045 859 1095 891 cui
1118 867 1182 890 non
1207 862 1255 891 est
1278 860 1400 900 similis,

940 906 1028 937 Licet
1054 906 1096 938 ad
1121 908 1243 945 tempus
1267 905 1382 938 flebilis

983 953 1028 984 Et
1051 952 1157 985 ferens
1183 954 1334 993 convicia,

936 1000 1114 1032 Adversum
1139 1003 1171 1031 te
1195 1003 1375 1043 sonuerunt,

936 1046 994 1084 Qui
1019 1050 1051 1078 te
1076 1047 1172 1078 clavis
1198 1046 1394 1078 confixerunt

981 1093 1136 1125 Furentes
1161 1094 1294 1128 insania.

936 1180 1015 1219 Ave,
1042 1180 1123 1220 Iesu,
1151 1187 1243 1217 quam
1269 1178 1353 1210 beati

936 1224 1025 1265 Sunt,
1052 1225 1104 1265 qui
1129 1233 1229 1264 purae
1254 1226 1390 1257 castitati

982 1271 1132 1303 Serviunt
1155 1274 1316 1312 attentius,

932 1319 979 1350 Te
1003 1322 1159 1350 turturem
1182 1319 1346 1350 imitantur

933 1365 977 1397 Et
1002 1365 1177 1398 columbam
1204 1369 1406 1409 venerantur,

981 1413 1040 1452 Qui
1066 1421 1098 1444 es
1124 1412 1183 1444 Dei
1208 1412 1302 1445 filius.

933 1497 1012 1536 Ave,
1039 1506 1098 1537 per
1122 1505 1213 1536 quem
1238 1497 1387 1537 iniquitas

932 1543 1088 1575 Aboletur
1113 1546 1145 1574 et
1169 1544 1286 1575 veritas

981 1590 1116 1623 Nostras
1141 1591 1246 1630 replet
1268 1592 1399 1632 animas,

933 1637 1018 1669 Iram
1043 1644 1138 1678 tuam,
1166 1647 1258 1678 quam
1283 1648 1440 1670 meremur

934 1686 996 1717 Pro
1021 1686 1172 1726 peccatis,
1197 1686 1267 1725 quis
1292 1689 1445 1727 tenemur,

981 1732 1124 1772 Oramus,
1150 1736 1187 1764 ut
1211 1734 1410 1773 comprimas.

933 1817 1014 1858 Ave,
1039 1818 1120 1856 Iesu,
1147 1826 1203 1849 nos
1230 1818 1363 1859 custodi,

934 1864 983 1895 Ne
1006 1864 1172 1903 permittas
1195 1873 1251 1896 nos
1278 1865 1403 1897 corrodi

981 1912 1185 1944 Peccatorum
1212 1912 1379 1954 vermibus,

932 1959 992 1998 Qui
1015 1962 1048 1991 te
1073 1968 1161 1991 suum
1185 1957 1341 2000 refugium

932 2005 1082 2039 Statuunt
1106 2009 1138 2037 et
1162 2007 1356 2046 praesidium

980 2054 1143 2087 Continuis
1166 2054 1323 2094 precibus.

929 2151 1009 2191 Ave,
1036 2158 1094 2189 per
1119 2157 1209 2188 quem
1236 2151 1284 2179 est
1309 2150 1415 2180 creata

930 2196 1033 2236 Super
1059 2196 1162 2228 caelos
1186 2196 1326 2227 exaltata

978 2244 1064 2276 Caeli
1089 2246 1194 2274 terrae
1218 2243 1352 2281 domina,

930 2291 1015 2330 Quae
1032 2301 1090 2331 pro
1107 2290 1198 2322 nobis
1215 2299 1326 2330 preces
1341 2289 1456 2322 fundat

928 2339 1002 2370 Tibi
1027 2342 1059 2370 et
1081 2338 1115 2370 in
1142 2338 1237 2370 caelis
1263 2339 1381 2370 condat

975 2386 1043 2419 Nos
1068 2388 1100 2418 et
1123 2388 1233 2417 nostra
1258 2385 1401 2418 crimina.
