1650 2612
179 194 233 227 17.

179 420 233 452 18.

182 644 236 676 19.

187 870 241 901 20.

185 1094 240 1125 21.

185 1318 239 1349 22.

189 1544 243 1575 23.

185 1770 240 1802 24.

190 1990 244 2021 25.

191 2211 246 2243 26.

681 94 934 131 —190-

258 194 338 235 Ave,
362 193 449 226 Deus
473 202 564 233 quam
589 190 723 228 ornavit,

260 241 390 279 Quando
416 241 518 271 caelos
542 237 707 270 inclinavit

258 287 303 319 Et
328 288 491 319 descendit
513 286 545 316 in
571 289 603 317 te
626 283 755 315 verbum

259 334 490 365 Debellandum
512 333 552 364 ad
578 330 757 370 superbum.

259 418 339 456 Ave,
365 418 452 449 cuius
478 426 515 448 ex
539 416 649 447 intimo

263 464 348 496 Deus
373 463 527 503 processit
550 462 699 502 thalamo,

262 512 300 543 In
327 512 393 543 sole
416 510 651 542 tabernaculum

260 558 361 598 Fixit,
385 558 439 596 qui
462 557 546 596 regit
567 556 737 589 saeculum,

262 643 340 685 Ave,
363 642 449 674 cuius
474 641 686 673 holocaustum

263 690 384 729 Pingue
408 688 470 720 fuit
493 691 587 727 atque
611 690 743 727 gratum,

266 736 331 768 Soli
356 736 424 768 Deo
449 743 528 775 quae
554 734 687 766 cantasti

263 783 306 814 Et
330 783 362 814 in
389 783 484 814 corde
507 781 658 814 jubilasti.

262 868 342 908 Ave,
367 867 463 898 totius
489 866 627 897 criminis

261 914 399 954 Expers,
425 914 519 953 plena
543 913 730 951 dulcedinis,

261 961 291 992 A
319 960 474 992 caelorum
499 959 610 999 opifice

263 1007 417 1039 Coronata
440 1005 581 1041 mirifice.

265 1092 343 1135 Ave,
370 1091 409 1124 de
434 1093 521 1123 cuius
546 1091 684 1130 germine

266 1138 339 1170 Sine
363 1139 447 1170 virili
473 1138 591 1169 semine

267 1185 354 1217 Sicut
377 1186 492 1216 vermis
519 1184 702 1224 concipitur,

265 1232 327 1263 Per
345 1241 435 1272 quem
455 1240 584 1270 serpens
603 1231 782 1262 conteritur.

265 1318 343 1356 Ave,
369 1316 459 1356 virga
482 1315 666 1355 rectissima,

267 1363 425 1395 Desolatis
452 1362 641 1398 dulcissima,

270 1410 356 1448 Quae
378 1409 557 1451 produxisti
580 1409 727 1441 baculum

269 1457 321 1489 Ad
347 1456 583 1488 sustentandum
608 1456 776 1487 saeculum.

270 1541 349 1582 Ave,
371 1541 465 1572 beata
490 1540 615 1580 femina,

270 1588 427 1620 Virtutum
455 1588 531 1620 caeli
560 1588 693 1626 domina,

269 1635 333 1667 Per
355 1644 446 1675 quam
471 1643 576 1674 regem
600 1634 767 1673 superbiae

269 1682 354 1715 Vicit
378 1682 531 1722 ChristuS,
556 1690 613 1713 rex
638 1681 765 1720 gloriae.

266 1768 349 1806 Ave,
375 1767 464 1807 virgo
487 1766 695 1805 sanctissima,

268 1814 398 1847 Sincera
423 1815 509 1846 cuius
534 1814 639 1846 anima

267 1862 363 1894 Bonis
387 1864 491 1893 terrae
515 1860 699 1900 perfruitur,

267 1909 304 1940 In
329 1918 388 1948 qua
412 1908 504 1940 beate
527 1908 653 1941 vivitur.

270 1988 350 2028 Ave,
375 1988 463 2027 virgo
488 1987 620 2027 pulchra
643 1989 719 2028 tota,

273 2033 362 2067 Inter
385 2034 566 2066 innocentes
591 2034 666 2074 lota,

270 2081 375 2121 Digna
399 2081 460 2112 Dei
483 2081 524 2113 ad
548 2082 657 2122 altare,

268 2128 358 2167 Quod
376 2130 424 2160 est
436 2128 589 2167 Christus,
601 2127 791 2160 ministrare.

276 2210 355 2249 Ave,
381 2206 510 2248 perfusa
534 2208 651 2239 lumine

272 2256 403 2296 Tuoque
429 2255 523 2295 digna
545 2255 680 2294 nomine,

271 2303 353 2335 Nam
378 2302 460 2343 quod
484 2301 589 2334 Maria
615 2301 739 2342 dicitur,

271 2350 371 2383 Stella
391 2350 487 2382 maris
514 2348 708 2389 exprimitur.

849 193 904 224 27.

849 419 903 451 28.

851 644 905 676 29.

854 870 908 902 30.

854 1095 908 1127 31.

857 1323 911 1354 32.

862 1548 916 1580 33.

860 1773 915 1806 34.

861 1996 918 2028 35.

863 2208 917 2241 36.

929 193 1008 231 Ave,
1035 192 1121 223 cuius
1147 189 1301 223 confessio

931 239 1042 271 Cordis
1067 237 1128 270 fuit
1153 238 1290 277 devotio,

931 285 1025 318 Cuius
1051 293 1123 317 caro
1148 287 1221 316 tunc
1246 282 1362 321 floruit,

932 332 1062 371 Quando
1087 334 1129 370 te,
1155 331 1290 371 Christe,
1316 329 1433 371 genuit.

929 418 1009 451 Ave,
1035 425 1115 457 quae
1138 425 1215 447 voce
1240 424 1402 455 organum,

933 464 1078 497 Candore
1104 463 1202 494 vincis
1227 463 1394 502 Libanum,

930 511 1037 543 Mater
1061 510 1156 542 occisi
1180 510 1272 541 vituli

932 559 1067 597 Propter
1091 560 1222 596 peccata
1244 556 1365 596 populi.

931 643 1011 681 Ave,
1037 650 1117 682 quae
1140 641 1223 674 nosti
1248 641 1399 682 plangere

932 690 995 721 Pro
1019 689 1187 728 impiorum
1211 689 1342 727 scelere,

934 736 992 770 Cui
1016 737 1160 775 planctus
1185 736 1218 767 in
1243 736 1391 775 gaudium

934 785 1109 817 Conversus
1132 785 1180 813 est
1204 791 1262 822 per
1285 781 1393 814 filium.

934 869 1012 907 Ave,
1039 868 1089 899 cui
1112 867 1175 898 iam
1204 867 1365 907 dulcescit,

933 915 1024 954 Quod
1041 916 1200 955 gustatum
1211 923 1275 946 non
1288 914 1452 957 decrescit,

933 964 1018 1002 Quae
1047 962 1087 994 ab
1117 962 1199 993 omni
1228 961 1291 992 iam
1322 961 1457 992 tumultu

933 1010 971 1041 1n
997 1009 1101 1041 divino
1126 1009 1206 1040 lates
1230 1008 1329 1041 vultu.

933 1096 1013 1133 Ave,
1040 1095 1126 1125 cuius
1149 1093 1344 1125 intellectum

934 1142 1023 1173 Tunc
1046 1141 1194 1172 instruxit
1219 1140 1260 1171 ad
1281 1138 1455 1181 perfectum

935 1188 1073 1220 Verbum
1094 1187 1164 1227 Dei,
1191 1187 1314 1227 quando
1333 1195 1457 1218 carnem

934 1236 986 1267 Ex
999 1238 1031 1265 te
1039 1235 1170 1273 sumpsit
1180 1243 1241 1265 non
1252 1242 1309 1273 per
1319 1242 1455 1266 carnem.

936 1321 1015 1360 Ave,
1042 1328 1133 1359 quam
1158 1322 1231 1350 ante
1255 1319 1413 1351 saeculum

939 1367 1004 1399 Sibi
1029 1367 1062 1398 in
1087 1366 1300 1398 habitaculum

937 1414 1084 1447 Providit
1105 1412 1167 1444 Dei
1190 1412 1283 1453 filius,

940 1462 1001 1493 Per
1025 1463 1057 1492 te
1081 1460 1197 1492 mundo
1223 1461 1389 1500 propitius,

940 1547 1020 1583 Ave,
1043 1546 1142 1586 virgo,
1171 1553 1250 1585 quae
1274 1546 1422 1587 gustasti,

942 1594 1038 1632 Quam
1051 1593 1212 1635 dulcescit,
1223 1601 1313 1631 quem
1323 1594 1463 1635 gestasti,

942 1641 989 1672 Te
1013 1640 1137 1671 beatam
1160 1648 1234 1679 spes
1259 1639 1370 1681 effecit,

943 1689 1042 1727 Quam
1055 1690 1116 1718 tam
1132 1690 1272 1719 sanctam
1281 1686 1367 1719 Deus
1377 1685 1465 1721 fecit.

940 1774 1021 1812 Ave,
1047 1776 1149 1804 mater
1174 1772 1357 1811 castissima,

942 1821 1041 1852 Beata
1065 1819 1152 1851 cuius
1177 1820 1290 1859 anima,

942 1867 1023 1900 Dum
1050 1867 1187 1899 exsultat
1209 1868 1242 1898 in
1266 1865 1341 1906 filio,

942 1915 1125 1946 Delectatur
1148 1914 1183 1945 in
1206 1913 1330 1954 gaudio.

943 1996 1025 2035 Ave,
1051 1995 1159 2026 domus
1184 1994 1350 2033 ubertatis,

942 2043 990 2074 De
1015 2044 1155 2073 torrente
1178 2040 1349 2079 voluptatis

942 2090 988 2121 Te
1012 2087 1081 2120 fons
1105 2088 1190 2119 vitae
1212 2088 1275 2120 iam
1299 2088 1423 2126 potavit

941 2136 986 2168 Et
1009 2136 1163 2175 repletam
1186 2134 1324 2168 satiavit.

941 2208 1023 2249 Ave,
1049 2207 1148 2246 virgo,
1174 2213 1280 2237 semen
1306 2206 1393 2237 cuius

941 2255 1108 2294 Nunquam
1132 2261 1246 2292 panem
1269 2253 1357 2285 vitae
1371 2253 1465 2286 huius

944 2302 1101 2341 Quaerens
1126 2298 1187 2331 fuit
1210 2308 1269 2331 nec
1293 2301 1449 2342 relictum,

944 2348 1007 2384 Sed
1031 2358 1051 2381 a
1074 2348 1141 2380 Deo
1166 2347 1377 2383 benedictum.
