1650 2612
161 209 215 242 25.

161 615 216 648 26.

159 1020 215 1053 27.

156 1425 210 1457 28.

153 1833 209 1865 29.

146 2243 202 2276 30.

680 118 911 154 -33-

243 209 358 242 Manus
376 209 448 241 Iesu
474 219 599 251 aureae,

289 257 357 288 vasi
383 259 551 297 apponatis

242 303 363 336 Aurum
388 307 494 335 terrae
513 304 633 346 Eiulat‚

288 350 349 382 hoc
374 352 432 392 est,
459 350 640 392 conferatis,

240 397 303 429 Pro
328 397 406 429 meis
434 399 465 429 et
489 399 627 437 proximi

289 445 414 485 lugeam
438 447 588 490 peccatis,

240 491 294 524 Ad
321 492 467 524 decorem
492 492 613 525 vasculi

287 547 426 580 gemmas
452 540 636 573 includatis.

245 614 293 646 De
316 615 449 655 gemmis
473 615 643 656 iacyntinis

288 665 363 702 peto
391 662 544 705 decorari,

240 708 311 741 Hoc
336 711 394 749 est,
419 709 453 740 in
478 710 665 742 caelestibus

289 759 394 788 mente
420 757 611 797 conversari,

243 803 371 835 Plateas
396 803 580 846 Ierusalem,

288 851 374 883 vicos
398 852 576 892 pervagari,

241 897 381 929 Alleluia
408 906 529 939 canere,

290 947 417 977 sanctos
443 946 661 986 contemplari.

241 1021 280 1052 In
303 1023 477 1061 aeternum,
502 1021 647 1062 Domine,

287 1069 357 1100 tuas
382 1068 558 1100 venerabor

242 1114 357 1146 Manus
382 1114 511 1146 laudum
536 1114 634 1147 oculis

287 1164 318 1192 et
342 1161 540 1201 regratiabor

239 1208 302 1240 Pro
330 1208 420 1240 donis
446 1209 605 1249 exhibitis,

289 1264 358 1287 cum
385 1255 475 1287 dolor
500 1259 532 1287 et
553 1257 646 1288 labor

242 1301 426 1345 Cessabunt,
453 1303 533 1335 haec
557 1302 709 1343 tribuant,

287 1351 373 1382 unde
396 1350 547 1385 satiabor.

236 1423 362 1466 Pastor,
388 1426 450 1457 tuis
473 1427 600 1468 umeris,

286 1474 404 1513 gratias
426 1475 579 1514 rependo,

237 1520 356 1558 Quibus
381 1522 554 1560 reportasti
579 1529 629 1552 me

283 1568 325 1600 ad
351 1576 487 1610 gregem,
514 1568 661 1608 ponendo

234 1614 289 1645 Me
313 1615 346 1646 in
370 1616 440 1647 loco
465 1624 612 1656 pascuae,

284 1661 377 1694 foeno
402 1671 453 1693 me
478 1663 638 1703 pascendo

236 1709 324 1741 Tuae
349 1710 453 1742 carnis
478 1708 621 1750 floridae,

284 1757 338 1796 pie
360 1758 568 1797 protegendo,

237 1833 360 1866 Collum
385 1835 485 1873 tuum,
511 1832 666 1874 pontifex,

279 1882 394 1913 stolam
420 1882 625 1923 colaphorum

235 1927 392 1972 Suscepit,
420 1929 504 1968 quod
530 1930 645 1961 totiens

278 1976 359 2008 ulnis
385 1976 586 2009 brachiorum

230 2023 355 2055 Mariae
380 2025 543 2056 astrictum
570 2026 628 2064 est,

278 2072 337 2103 hoc
360 2072 587 2111 suppliciorum

229 2118 391 2152 Graminis
416 2118 586 2152 fasciculos

278 2167 363 2199 tollis
389 2170 603 2207 peccatorum.

229 2243 312 2284 Iesu,
339 2244 387 2275 tui
413 2244 538 2284 colaphi

275 2300 295 2322 a
318 2291 391 2332 iugo
416 2292 540 2331 peccati

230 2338 354 2371 Collum
378 2347 483 2371 meum
507 2339 655 2379 liberent,

274 2388 348 2419 tuae
371 2387 524 2427 potestati

187 2444 304 2467 Dreves
313 2461 318 2471 ‚
341 2444 464 2468 Psalteria
479 2444 633 2472 Rhythmiea.
662 2444 681 2467 1.

838 429 892 461 31.

838 835 892 867 32.

835 1240 890 1273 33.

833 1646 887 1677 34.

829 2055 884 2087 35.

921 215 977 246 Me
1002 213 1149 253 subdant,
1182 215 1353 247 oboediant

966 263 1040 293 tuae
1063 261 1228 305 voluntati,

920 308 978 346 Qui
1002 315 1061 347 per
1085 307 1275 340 sacrificium

966 357 1053 386 tuum
1078 357 1152 386 sunt
1175 356 1311 396 purgati.

920 430 1006 462 Tuae
1031 431 1118 462 vocis
1144 439 1295 470 organum

967 478 1059 510 dulce
1084 479 1116 508 et
1138 486 1285 509 canorum

918 525 980 556 Pro
1007 532 1057 556 me
1082 533 1211 556 raucum
1236 523 1354 556 factum
1382 530 1438 566 est,

964 571 1048 612 quod
1073 572 1151 603 mihi
1177 573 1338 604 caelorum

918 618 1086 650 Reseravit
1109 619 1267 662 gaudium,

964 665 1106 705 praemia
1129 666 1293 706 iustorum,

915 712 1038 753 Regula
1061 713 1210 757 iustitiae,

967 759 1135 800 disciplina
1160 768 1292 792 morum.

919 835 986 867 Mel
1012 837 1044 867 et
1066 835 1117 867 lac
1143 835 1182 867 de
1206 835 1299 867 labiis

968 883 1030 914 tuis
1055 883 1234 921 propinasti

920 929 996 961 Tuis
1021 929 1229 970 auditoribus,

966 977 1078 1016 quibus
1103 976 1306 1015 praedicasti,

919 1023 1027 1055 Rudes
1050 1023 1084 1054 in
1108 1023 1270 1062 parabolis

966 1072 1049 1103 lacte
1073 1069 1261 1110 informasti,

918 1118 955 1149 In
980 1119 1086 1149 monte
1112 1117 1283 1157 discipulos

963 1164 1057 1196 melle
1081 1164 1216 1197 satiasti.

916 1240 1036 1272 Doctor
1062 1240 1287 1278 amantissime,

964 1294 1060 1319 aurea
1086 1286 1230 1318 doctrina

915 1334 985 1366 Tua
1009 1333 1051 1365 sit
1075 1334 1257 1365 vulneribus

960 1382 1038 1413 meis
1063 1381 1230 1422 medicina,

915 1428 1044 1460 Fundat
1068 1428 1145 1459 mihi
1166 1428 1278 1469 oleum,

963 1475 1078 1508 fundat
1100 1475 1178 1506 mihi
1203 1476 1286 1514 vina,

914 1522 979 1554 Det
1001 1523 1035 1554 in
1059 1522 1109 1553 his
1134 1521 1290 1562 proficere

960 1569 1067 1603 unctio
1094 1570 1210 1604 divina.

914 1646 996 1689 Iesu,
1022 1649 1109 1677 tuum
1134 1645 1217 1678 Sirio

960 1693 994 1724 in
1021 1701 1114 1724 cruce
1139 1693 1298 1733 prolatum

915 1739 1006 1772 Sitim
1031 1740 1108 1771 mihi
1133 1743 1295 1780 provocet,

959 1790 1068 1828 potum
1096 1787 1265 1819 delicatum

912 1834 963 1866 Ex
989 1837 1020 1866 te
1045 1832 1132 1866 fonte
1157 1834 1287 1873 tribuat,

960 1891 1020 1922 quo
1046 1890 1096 1913 me
1121 1885 1303 1913 renovatum

912 1929 1062 1969 Sentiam,
1090 1938 1109 1961 a
1133 1930 1233 1961 veteri

960 1976 1115 2009 fermento
1140 1980 1317 2017 purgatum.

911 2055 956 2088 Ut
982 2062 1092 2086 cervus
1120 2053 1282 2086 desiderat

959 2102 1001 2134 ad
1026 2099 1129 2133 fontes
1156 2110 1317 2141 aquarum,

911 2149 964 2182 Sic
988 2150 1029 2181 ad
1055 2151 1087 2180 te
1113 2149 1302 2186 desiderem,

958 2200 1044 2228 tuum
1070 2195 1114 2227 fel
1139 2205 1280 2228 amarum

909 2244 952 2277 Et
976 2245 1099 2276 acetum
1125 2244 1202 2275 mihi
1228 2244 1281 2275 det

955 2292 996 2324 ad
1025 2291 1208 2324 deliciarum

907 2339 1096 2371 Paradisum
1120 2338 1284 2372 transvehi

956 2386 1069 2426 pennis
1094 2387 1281 2426 aquilarum.

1247 2441 1265 2472 3
