1651 2613
196 196 249 228 13.

197 595 251 628 14.

197 999 252 1032 15.

199 1400 256 1432 16.

203 1804 257 1835 17.

199 2204 253 2237 18.

707 100 931 134 *18-

275 194 377 226 Dulce
400 194 527 238 lignum,
556 203 617 234 quo
640 195 799 227 damnarit

327 241 484 273 Christum
508 251 607 281 prava
631 241 728 281 natio,

280 288 481 320 innocentem
504 288 666 328 sagittavit

320 335 462 374 Linguae
486 343 560 366 suae
584 335 698 376 gladio,

275 381 338 413 Per
360 384 392 412 te
416 383 505 413 luant
528 384 621 420 atque
645 382 738 412 ruant

323 429 505 461 Scrutantes
530 427 692 468 scrutinio,

275 474 321 508 Ut
344 475 502 506 salvemur
527 476 555 505 et
580 474 734 504 laetemur

323 520 490 553 Vindicem
516 519 684 559 supplicio.

278 595 378 627 Dulce
396 595 525 637 lignum,
544 594 631 626 cuius
649 594 796 633 hymnum

323 642 423 673 Decet
448 641 523 673 Sion
549 649 671 681 canere,

277 690 374 727 Quam
401 688 515 720 exemit
540 691 572 719 et
594 688 728 720 redemit

325 735 466 767 Christus
493 735 592 767 crucis
617 743 755 777 munere,

277 782 377 814 Nobis
402 782 484 814 natis
510 782 700 821 consignatis

325 829 400 861 Sion
424 829 533 861 matris
555 828 657 860 libere

278 876 316 908 In
342 878 502 907 aeternum
529 876 582 907 det
606 883 773 915 supernum

324 922 410 954 Deus
435 924 541 953 votum
566 921 711 954 reddere.

278 997 514 1037 Duleelignum,
524 1005 582 1036 per
589 997 671 1036 quod
678 997 798 1036 signum

324 1044 433 1076 Divini
457 1044 592 1083 patibuli

284 1093 327 1124 Et
350 1090 506 1123 honorant
530 1093 561 1121 et
585 1091 718 1123 adorant

326 1138 439 1170 Omnes
464 1140 568 1169 terrae
590 1137 709 1177 populi,

279 1186 343 1217 Per
368 1183 514 1215 virtutem
542 1187 571 1215 et
595 1185 729 1215 salutem

325 1231 402 1262 Tam
427 1232 529 1262 sancti
554 1230 706 1270 signaculi

282 1277 367 1311 Caeli
391 1285 504 1309 numen
529 1277 619 1309 nobis
642 1275 758 1309 flumen

324 1324 387 1356 Det
411 1325 548 1356 transire
571 1324 699 1355 saeculi.

283 1399 384 1431 Dulce
404 1399 533 1439 lignum,
560 1398 646 1430 cuius
671 1398 791 1438 signum

328 1445 445 1477 Nostro
470 1446 558 1477 vultu
582 1446 728 1485 gerimus,

284 1493 341 1532 Qui
359 1501 417 1531 per
435 1500 557 1523 crucem
575 1500 680 1523 veram
699 1492 800 1524 lucem

328 1539 439 1572 vultus
464 1538 524 1570 Dei
548 1540 700 1578 novimuS,

284 1587 378 1619 Cuius
403 1586 487 1617 cultu
511 1586 563 1625 pio
588 1587 676 1617 vultu

328 1633 438 1672 Laxet,
465 1633 546 1672 quod
573 1632 770 1674 deliquimus,

280 1681 337 1720 Qui
364 1689 419 1712 nos
444 1679 532 1718 signo
557 1679 660 1719 signat
684 1679 776 1719 digno

328 1727 512 1759 Sanctorum
537 1726 761 1760 sanctissimus

285 1802 387 1834 Dulce
406 1802 534 1842 lignum,
561 1811 620 1841 quo
648 1802 803 1834 destruxit

329 1849 411 1880 Victi
434 1849 536 1881 victor
560 1850 642 1881 atria

280 1896 324 1928 Et
346 1895 379 1926 in
405 1895 525 1927 caelum
541 1896 695 1927 scandens
714 1895 805 1928 duxit

329 1942 439 1973 Secum
464 1944 557 1981 capta
580 1942 692 1982 spolia,

281 1989 452 2028 Segregata
475 1988 565 2020 nobis
592 1988 666 2020 data

329 2036 391 2067 Per
415 2038 448 2065 te
471 2035 560 2066 verbi
584 2035 692 2073 pluvia

283 2081 459 2121 Epulemur
483 2084 514 2112 et
537 2081 690 2112 laetemur

328 2127 465 2160 Perenni
488 2127 620 2160 laetitia.

280 2203 382 2236 Dulce
407 2203 535 2242 lignum,
563 2211 622 2242 quo
649 2203 792 2234 solvebat.

327 2250 481 2290 Christus,
508 2258 588 2289 quae
607 2259 669 2281 non
686 2250 801 2290 rapuit,

279 2298 377 2330 Morti
404 2296 505 2329 crucis
530 2306 565 2328 se
588 2296 744 2335 tradebat,

330 2345 387 2384 Qui
411 2344 457 2376 nil
481 2343 575 2376 morti
601 2343 719 2387 debuit,

869 408 923 440 19.

868 811 923 842 20.

869 1211 924 1243 21.

871 1615 925 1646 22.

875 2018 929 2050 23.

947 194 1011 226 Pro
1035 195 1174 233 peccatis
1198 202 1310 235 passus
1335 192 1444 234 gratis,

995 243 1080 279 Quae
1103 241 1170 280 pati
1194 250 1257 273 non
1280 238 1405 278 meruit,

947 288 978 319 A
1002 292 1127 319 terreno
1149 289 1251 320 salvet
1275 294 1382 324 caen0,

995 334 1078 372 Quos
1102 335 1236 366 mundus
1261 332 1434 365 absorbuit.

949 407 1050 440 Dulce
1074 409 1204 450 lignum,
1230 415 1289 447 quo
1312 407 1456 438 levamen

997 454 1150 487 Caelestis
1175 453 1286 486 auxilii

947 500 1021 540 Dat,
1049 502 1101 540 qui
1124 501 1222 539 gratis
1243 500 1284 531 ad
1302 507 1472 539 gravamen

995 547 1117 578 Ductus
1143 550 1192 577 est
1215 546 1376 586 supplicii,

948 594 1023 627 Cum
1041 603 1098 626 nos
1115 593 1243 624 trahunt
1257 593 1297 624 ad
1312 594 1471 625 certamen

995 640 1115 673 Graves
1141 640 1326 681 adversarii,

946 687 997 720 Da
1020 686 1170 719 festinum
1195 687 1393 728 adjuvamen,

994 734 1080 766 Deus
1105 734 1265 766 adiutorii.

949 810 1051 842 Dulce
1073 810 1203 850 lignum,
1229 808 1399 840 senectutis

996 856 1188 888 Succurrens
1211 856 1243 886 in
1270 858 1421 895 tempore,

949 904 978 935 A
1004 906 1145 934 vetustae
1169 902 1330 934 servitutis

996 950 1151 982 Mundum
1180 950 1305 982 salvans
1330 947 1468 987 foenore,

951 997 1028 1029 Gum
1052 998 1195 1028 senectus
1221 998 1253 1027 et
1277 994 1419 1028 defectus

998 1044 1195 1076 Concurrunt
1219 1043 1252 1074 in
1278 1051 1419 1081 corpore.

951 1091 1127 1123 Iuventutis
1152 1093 1184 1121 et
1207 1089 1334 1122 virtutis

995 1136 1105 1169 Firma
1128 1139 1263 1168 mentem
1288 1135 1412 1168 robore.

950 1211 1052 1243 Dulce
1074 1212 1203 1251 lignum,
1229 1220 1289 1250 quo
1311 1213 1470 1250 potentem

995 1259 1146 1290 Potenter
1168 1257 1322 1296 humiliat,

949 1305 1007 1343 Qui
1032 1305 1209 1337 mendicum
1235 1307 1265 1336 et
1291 1307 1433 1345 egentem

996 1352 1027 1382 A
1051 1354 1181 1391 potente
1206 1351 1333 1391 spoliat,

951 1398 1001 1429 Ex
1026 1399 1129 1430 usuris
1155 1402 1187 1430 et
1208 1399 1368 1439 pressuris

998 1445 1063 1476 Nos
1088 1455 1195 1477 omnes
1219 1445 1343 1486 eripiat,

951 1493 997 1525 Ut
1022 1495 1147 1532 egentes
1173 1496 1203 1524 et
1228 1496 1373 1532 potentes

995 1539 1082 1571 Deus
1107 1539 1211 1572 salvos
1237 1538 1343 1572 faciat.

952 1614 1054 1645 Dulce
1072 1615 1200 1654 lignum,
1229 1624 1288 1654 quo
1306 1615 1474 1656 benignum

999 1661 1125 1693 Occidit
1148 1671 1223 1701 gens
1248 1663 1375 1703 misera,

952 1708 1058 1740 Bonus
1082 1708 1169 1741 Deus
1194 1710 1283 1748 quasi
1308 1718 1381 1740 reus

999 1755 1074 1786 Luit
1098 1759 1207 1787 nostra
1231 1757 1361 1795 scelera,

954 1802 1002 1833 Ne
1028 1803 1162 1833 zelemus
1187 1803 1238 1833 vel
1264 1812 1402 1835 amemus

1001 1849 1124 1880 Pravae
1141 1850 1230 1887 pacis
1254 1858 1419 1891 prospera,

954 1895 1046 1927 Mens
1070 1896 1192 1927 intenta
1217 1898 1282 1928 tam
1305 1902 1435 1929 cruenta

1003 1943 1119 1974 Penset
1144 1941 1260 1975 Christi
1288 1944 1429 1977 vulnera.

955 2017 1057 2048 Dulce
1080 2017 1211 2057 lignum,
1240 2027 1300 2057 quo
1325 2023 1460 2060 pacatur

1002 2064 1107 2095 Patris
1131 2063 1316 2108 indignatio,

956 2110 1033 2142 Cum
1057 2114 1185 2151 pastore
1209 2110 1401 2145 reformatur

1003 2157 1078 2189 Ovis
1102 2159 1174 2197 agni
1199 2160 1313 2201 pretio,

956 2204 1014 2242 Qui
1040 2204 1173 2236 salutem
1199 2209 1350 2245 operatur

1000 2251 1038 2283 In
1064 2254 1220 2283 terrarum
1245 2253 1360 2293 medio,

954 2298 1052 2331 Ovem
1076 2298 1187 2341 salvet,
1214 2308 1294 2339 quae
1320 2305 1452 2341 vagatur

1001 2346 1039 2377 1n
1065 2345 1126 2377 hoc
1150 2346 1236 2378 orbis
1261 2347 1357 2381 invio.
