1650 2612
370 176 403 207 9.

347 388 402 420 10.

351 611 404 643 11.

354 835 408 868 12.

356 1060 409 1092 13.

352 1284 407 1317 14.

354 1510 408 1542 15.

354 1735 407 1766 16.

354 1960 407 1992 17.

354 2184 410 2217 18.

620 77 879 113 —108—

427 174 489 206 Eia
512 182 597 214 ergo,
619 172 701 213 Iesu,
727 171 775 203 fili
799 171 914 212 David,

427 220 505 260 Quia
525 221 687 259 peccatum
710 218 743 249 iu
767 227 818 249 me
841 217 993 258 regnavit,

427 267 496 298 Tua
518 266 599 297 illud
625 267 751 296 contere
775 265 902 303 virtute,

427 313 474 345 Ut
495 315 528 343 te
550 312 675 344 videam
694 311 729 342 in
752 311 928 344 maiestate.

428 388 507 425 Ave,
535 394 634 427 mons,
659 383 752 417 sedes
779 386 865 416 cuius
891 387 940 416 est
963 384 995 415 in
1023 385 1130 423 caelis,

430 433 488 472 Qui
512 434 679 472 peccantes
705 441 780 463 arcu
805 435 857 463 tuo
883 431 1042 473 percellis,

430 479 535 511 Oculis
559 481 778 518 paupertatem
802 478 988 509 miserorum

428 526 511 558 Vide
535 528 567 557 et
589 526 721 566 protege
742 532 834 557 natos
861 533 977 557 eorum.

431 611 511 651 Ave,
537 611 620 651 Iesu,
647 611 734 641 cuius
759 612 832 641 sunt
857 610 981 648 eloquia

433 657 530 689 Casta
553 665 678 697 semper
702 660 736 688 et
758 657 854 689 valde
876 654 1037 697 melliflua,

432 704 565 736 Nostras
590 704 631 736 ad
656 706 688 735 te
711 706 767 735 tua
792 702 877 735 dulci
901 702 1005 742 gratia

434 750 597 790 Converte,
625 750 834 790 obsecramus,
861 758 938 782 voce
961 750 1024 790 pia.

434 835 539 868 Oculis
564 844 615 866 me
640 843 712 876 ergo
734 834 972 866 misericordiae

433 882 579 921 Respice,
606 882 745 914 salvator
770 882 905 913 clemens
930 884 1024 921 atque
1048 881 1112 921 pie,

435 929 480 961 Ut
504 929 664 960 exsultare
685 930 719 959 in
744 928 877 960 salutari
900 932 953 959 tuo

434 976 556 1008 Possim
580 975 663 1007 liber
686 974 726 1007 ab
751 976 835 1007 omni
859 977 990 1014 peccato
1012 981 1091 1006 meo.

434 1061 513 1098 Ave,
540 1060 622 1101 Iesu,
649 1060 702 1099 qui
728 1059 768 1090 de
793 1058 880 1090 caelo

434 1105 605 1137 Peccantes
630 1106 683 1146 pio
709 1105 797 1137 oculo

435 1153 488 1184 Ad
511 1153 738 1191 paenitentiam
756 1160 861 1190 vocas,

432 1198 599 1239 Rogamus,
624 1201 660 1231 ut
683 1198 774 1230 nobis
799 1206 921 1237 parcas.

431 1284 509 1325 Ave,
535 1284 619 1325 Iesu,
643 1283 765 1315 iustitia
788 1284 876 1314 cuius

430 1329 580 1362 Errorem
606 1330 741 1362 destruit
764 1330 873 1362 mundi
897 1330 998 1372 huius,

431 1376 475 1408 Et
498 1377 539 1408 ad
564 1386 700 1416 superna
723 1377 855 1408 tendere
880 1377 963 1416 cogit

434 1422 505 1465 Cor,
530 1424 614 1463 quod
638 1432 696 1456 sua
719 1422 862 1455 facinora
885 1423 1019 1464 plangit.

433 1509 513 1548 Ave,
537 1509 623 1552 Iesu,
649 1517 724 1547 pars
746 1507 945 1546 hereditatis,

433 1555 493 1597 Tu,
516 1556 570 1595 qui
595 1564 690 1588 causa
713 1558 840 1586 nostrae
865 1555 1064 1594 paupertatis

431 1602 536 1635 Multa
560 1602 643 1634 mala
666 1610 777 1641 passus
804 1610 836 1633 es
861 1601 893 1632 in
922 1609 1025 1641 cruce,

432 1649 510 1682 iube
531 1658 588 1681 nos
613 1657 738 1688 semper
763 1657 832 1681 esse
855 1649 888 1679 in
911 1657 1005 1689 pace.

432 1734 539 1766 Proba
564 1742 617 1765 cor
639 1742 753 1774 meum,
780 1742 798 1765 o
823 1734 904 1766 bone
928 1733 1011 1773 Iesu,

432 1780 536 1812 Visita
561 1783 662 1820 nocte,
689 1790 730 1812 ne
753 1781 837 1813 malo
861 1790 920 1812 usu

433 1827 514 1860 Insit
538 1828 566 1859 ei
591 1829 746 1867 quaedam
769 1828 930 1869 iniquitas,

433 1874 518 1913 Quae
543 1875 734 1907 contaminet
758 1876 824 1906 eius
851 1875 988 1910 semitas,

433 1959 513 1998 Ave,
538 1959 619 1998 Iesu,
646 1959 732 1990 cuius
757 1962 843 1990 terra
869 1962 916 1990 est
941 1960 1095 1991 commota

434 2005 594 2047 Passione‚
622 2008 655 2037 et
676 2006 828 2038 montium
853 2004 1058 2038 fundamenta

435 2051 630 2084 conturbata
653 2056 728 2084 sunt
747 2055 842 2092 atque
864 2054 996 2084 multum
1020 2055 1185 2096 commota,

433 2097 508 2137 Fac,
534 2101 570 2129 ut
593 2099 657 2130 sint
681 2099 779 2131 corda
803 2102 911 2131 nostra
934 2099 1146 2132 immaculata.

434 2182 495 2223 Da,
518 2183 602 2225 lesu,
628 2192 699 2215 cum
722 2185 840 2216 sanctis
863 2186 896 2215 te
919 2185 1061 2223 laudare,

435 2230 503 2262 Tua
527 2230 629 2269 gloria
651 2230 855 2272 participare,

434 2276 487 2309 Da
509 2281 712 2317 praeceptum
736 2278 877 2311 lucidum
901 2287 1038 2321 servare,

436 2324 526 2364 Quod
548 2328 661 2364 potens
685 2328 734 2357 est
756 2335 815 2358 nos
839 2326 1028 2360 illuminare.

1638 80 1650 261 —.-—-h—1·
