1650 2612
139 202 193 237 19.

137 613 193 646 20.

139 1020 194 1052 21.

135 1427 190 1458 22.

132 1834 187 1867 23.

132 2244 188 2276 24.

653 116 907 151 —211-

220 205 301 245 Ave,
328 214 421 245 quam
445 209 585 247 proditio

267 252 366 285 Iudae
392 256 600 299 contristavit,

220 299 362 331 vinculis
387 302 483 334 exitio

269 347 321 386 qui
345 356 380 379 se
405 350 633 395 condemnavit,

220 393 297 425 Cum
321 394 354 426 in
381 405 473 428 911199
496 397 578 430 sitio

269 441 412 475 Christus
439 445 637 484 exclamavit,

220 488 266 520 Te
292 489 410 522 doloris
434 492 540 531 gladio

266 536 351 568 intus
375 539 564 571 vulneravit.

219 613 299 651 Ave,
328 613 414 645 cuius
438 613 504 646 filio

265 660 350 699 patri
375 664 540 693 coaeterno

220 708 331 747 Aequa
355 711 404 740 est
427 709 460 740 in
484 709 564 741 solio

267 754 360 785 sedes
385 756 586 795 sempiterno,

221 801 317 840 Quem
347 801 386 834 de
409 811 444 834 se
468 803 626 841 principio

266 849 404 888 genitum
429 852 562 889 paterno

219 896 394 928 Humanari
419 901 509 928 utero

268 942 345 975 fecit
368 943 400 975 in
425 947 579 976 materno.

220 1019 300 1058 Ave,
327 1027 385 1058 per
410 1029 500 1060 quam
525 1022 675 1059 populum

266 1066 419 1098 Dominus
443 1067 587 1104 redemit,

218 1114 277 1152 Qui
302 1113 341 1145 ob
367 1113 456 1145 nefas
482 1114 642 1146 sordidum

265 1161 442 1199 captivatus
466 1159 563 1203 flevit,

217 1207 262 1239 Et
285 1207 405 1239 ideirco
430 1216 559 1247 operum

262 1263 382 1286 memor
406 1255 472 1286 eius
497 1255 567 1294 erit,

214 1302 301 1341 Quae
327 1310 421 1336 causa
446 1302 584 1333 fidelium

263 1358 321 1388 per
346 1351 378 1379 te
402 1349 598 1388 adimplevit.

216 1426 296 1464 Ave⁷
323 1425 411 1466 virgo
438 1425 558 1457 colubri

263 1480 344 1512 quae
368 1471 476 1513 fugisti
501 1481 647 1514 morsum,

216 1519 316 1551 Stella
340 1520 447 1560 maris,
472 1518 633 1559 naufragis

264 1567 348 1598 vitae
372 1567 473 1598 redde
496 1568 633 1606 portum,

217 1614 299 1646 Nam
324 1622 383 1652 per
407 1618 439 1645 te
462 1614 495 1645 111
517 1614 657 1645 tenebris

263 1661 370 1692 lumen
395 1664 443 1692 est
467 1663 619 1703 exortum..

215 1708 275 1748 Qui
299 1716 358 1748 per
381 1709 443 1740 iter
467 1708 597 1740 sceleris

262 1765 325 1787 non
351 1758 426 1788 eunt
449 1758 633 1787 retrorsum.

213 1833 295 1872 Ave,
313 1841 402 1872 ·quae
426 1831 597 1863 laudabilis

264 1889 296 1911 es
322 1879 362 1910 ab
388 1882 460 1912 ortu
484 1878 560 1910 solis

213 1929 319 1968 Atque
345 1926 543 1959 delectabilis

261 1976 295 2007 in
320 1975 474 2006 virtutum
498 1973 625 2013 scholis,

215 2024 280 2055 Per
304 2025 337 2054 te
361 2023 405 2054 sit
428 2020 595 2063 placabilis

261 2071 311 2103 ira
336 2073 408 2102 tuae
432 2069 531 2110 prolis

215 2120 258 2152 Et
283 2119 324 2150 sit
349 2117 520 2151 exorabilis

260 2167 294 2198 in
320 2165 372 2198 die
398 2165 526 2198 doloris.

213 2243 293 2286 Ave,
320 2251 400 2282 quae
424 2242 463 2274 ab
490 2241 576 2272 exitu

262 2290 363 2322 Israel
388 2290 522 2331 signata,

212 2338 262 2370 De
286 2338 434 2379 Aegypto
455 2337 573 2378 populo

261 2394 294 2418 es
318 2386 556 2428 praeordinata,

818 432 872 463 25.

816 836 871 867 26.

814 1240 869 1271 27.

816 2054 870 2085 29.

903 213 988 252 Quae
1012 213 1218 246 sanctificatio

949 260 1041 292 fieres
1065 261 1205 300 laudata,

900 308 986 339 Arca
1007 307 1068 339 Dei
1092 307 1157 339 filio

946 358 1114 394 pneumate
1137 356 1271 386 sacrata.

898 431 977 469 Ave,
1003 430 1131 469 placens
1156 429 1290 461 Domino

945 478 977 508 in
1003 485 1098 517 regno
1123 477 1274 515 vivorum,

899 524 960 556 Per
984 532 1074 563 quam
1100 523 1133 555 fit
1160 524 1264 556 evasio

946 571 999 602 hic
1021 571 1231 610 periculorum

897 617 942 649 Et
965 620 1038 657 post
1061 618 1214 658 mitigatio

945 665 1053 696 mortis
1080 668 1111 696 et
1137 665 1288 706 dolorum,

898 712 971 743 Tibi
996 712 1038 743 sit
1063 712 1186 744 devotio

945 761 1019 790 nota
1042 759 1255 799 parvulorum.

898 835 975 876 Ave,
1003 843 1082 873 quae
1108 834 1147 865 de
1172 834 1270 865 calice

943 884 1034 921 potas
1059 881 1236 920 salvatoris,

898 928 978 959 Dum
1006 936 1168 967 compassa
1191 927 1300 959 intime

945 975 1016 1005 viva,
1039 974 1221 1014 immolaris,

898 1023 966 1053 Vox
992 1025 1067 1052 sunt
1091 1025 1163 1052 tuae
1186 1022 1345 1063 lacrimae,

941 1069 1018 1099 licet
1041 1078 1100 1099 non
1126 1068 1276 1107 loquaris,

897 1116 975 1148 Sunt
1002 1116 1082 1147 enim
1106 1115 1279 1154 angustiae,

944 1162 1056 1201 quibus
1083 1162 1243 1193 cruciaris.

894 1238 973 1279 Ave,
1002 1246 1091 1276 quam
1119 1237 1248 1268 oracula

940 1284 1072 1316 laudant
1096 1284 1332 1326 prophetarum,

896 1333 1054 1364 Mirantur
1078 1331 1262 1370 spectacula.

943 1378 1021 1410 caeli
1044 1379 1228 1417 incolarum,

896 1426 976 1465 Quia
999 1426 1067 1458 sine
1091 1426 1214 1457 macula

941 1473 1078 1513 gentium
1104 1476 1282 1504 sanctarum

896 1521 996 1553 Ornas
1021 1520 1227 1552 tabernacula,

942 1568 1023 1599 votis
1048 1567 1230 1608 gratiarum.

863 1671 869 1677 .
896 1645 977 1685 Ave,
1004 1647 1099 1684 caput
1123 1643 1240 1683 anguli,

941 1692 974 1722 in
999 1700 1059 1730 quo
1082 1690 1269 1730 reprobatus

897 1739 990 1778 Legis
1015 1742 1047 1770 et
1070 1738 1230 1779 praeputii

945 1789 991 1816 est
1014 1786 1096 1825 lapis
1120 1786 1252 1827 locatus,

896 1833 956 1871 Qui
980 1833 1053 1865 hine
1075 1833 1152 1864 inde
1177 1833 1298 1864 creduli

944 1880 1105 1921 corrigunt
1130 1882 1264 1922 erratus,

895 1928 940 1960 Ut
964 1928 1010 1959 519
1035 1927 1172 1960 aedificii

943 1975 986 2007 sit
1011 1976 1190 2016 compactus
1216 1976 1326 2008 status.

897 2053 976 2089 Ave,
1003 2050 1168 2084 salutifera

943 2098 1019 2131 fidei
1044 2099 1197 2136 doctrina,

897 2147 981 2179 Sana
1004 2156 1071 2190 nos,
1097 2155 1263 2187 puerpera,

941 2194 1027 2226 vitae
1050 2194 1218 2234 medicina,

896 2242 997 2275 Recta
1020 2245 1056 2274 ut
1080 2242 1195 2274 itinera

943 2292 1053 2322 nostra
1077 2290 1140 2322 sint
1162 2290 1196 2321 in
1222 2290 1282 2332 via,

896 2336 1071 2372 Informata
1096 2345 1209 2378 aspera

943 2386 1053 2419 mortis
1079 2385 1258 2425 disciplina.

1195 2437 1253 2470 14*
