1650 2612
366 200 421 233 29.

369 417 424 449 30.

369 643 424 675 31.

372 870 427 901 32.

371 1095 425 1128 33.

372 1322 427 1354 34.

374 1549 428 1581 35.

376 1774 429 1807 36.

375 2002 431 2036 37.

378 2231 433 2264 38.

448 200 528 241 Ave,
553 202 636 239 Iesu,
663 201 813 234 Israelem
839 202 892 241 qui
913 202 1007 243 regis,

449 248 565 280 Tribus
590 248 644 287 qui
669 256 701 280 es
726 250 876 281 adoratus
901 258 921 281 a
943 250 1052 291 magis,

445 294 581 327 Intende
604 294 696 327 nobis
723 298 753 327 et
775 295 989 339 manifestare,

449 341 538 380 Quod
565 343 718 385 optamus,
747 345 780 373 te
803 345 944 374 nostrum
969 344 1117 376 salut-are.

455 419 531 457 Ave,
559 416 607 448 cui
633 418 790 456 quondam
816 418 974 457 propheta
998 417 1177 453 exsultavit,

450 464 568 496 Suaves
594 463 726 504 hymnos
752 468 846 504 atque
870 465 1008 504 psalmos
1033 463 1188 504 iubilavit,

449 512 526 551 Fac,
553 511 611 543 tibi
637 514 759 542 cantem
783 511 967 552 psalterium
994 520 1063 543 cum
1089 511 1219 551 cithara,

450 559 604 598 Quamdiu
628 559 813 599 peregrinus
839 566 895 598 ego
920 568 986 590 sum
1012 559 1045 591 in
1070 558 1131 589 hac
1155 561 1249 591 terra.

450 644 531 684 Ave,
557 643 610 683 qui
634 643 666 673 in
692 643 857 683 synagoga
880 644 1009 683 stetisti,

451 690 615 730 Principes
641 690 706 721 eius
733 690 811 721 dure
835 690 976 730 arguisti,

451 737 593 776 Pupillos
619 739 650 767 et
673 745 785 776 egenos
811 740 845 767 tu
867 737 983 776 iudica,

451 783 609 815 Humilem
633 792 867 823 pauperemque
889 783 1034 816 iustifica-

452 869 533 909 Ave,
560 869 641 906 Iesu,
669 868 719 899 cui
744 868 848 899 nullus
874 868 997 910 similis,

453 915 548 948 Cuius
572 915 715 955 potentia
740 914 947 956 admirabilis,

452 961 561 994 Sermo
586 962 687 994 dulcis
712 970 836 1002 semper
861 964 893 992 et
916 961 1060 1004 affabilis,

450 1008 562 1041 Facies
589 1008 704 1040 decora
729 1011 761 1040 et
785 1008 940 1041 amabiliS.

451 1095 531 1134 Ave,
555 1094 637 1133 Iesu,
663 1101 720 1124 rex
744 1094 906 1133 virtutum,

450 1139 619 1181 Refugium
643 1139 797 1179 praebent
821 1142 922 1171 tutum

453 1187 672 1219 Tabernacula
695 1187 831 1226 populis,

454 1235 514 1274 Qui
539 1236 772 1267 commorantur
794 1235 828 1266 in
852 1234 929 1266 illis.

454 1322 534 1361 Ave,
560 1320 643 1358 Iesu,
669 1321 787 1350 terram
813 1318 867 1358 qui
890 1318 1092 1357 benedixisti,

456 1367 680 1407 Captivitatem
706 1366 801 1398 Iacob
828 1366 881 1405 qui
906 1365 1071 1406 reduxisti,

454 1415 602 1455 Remitte,
629 1422 755 1455 quaeso,
782 1412 884 1453 plebis
906 1413 1115 1452 iniquitatem,

454 1462 559 1494 Malos
584 1463 772 1493 convertens
796 1468 854 1500 per
878 1462 966 1492 tuam
991 1460 1173 1492 bonitatem.

455 1547 535 1587 Ave,
562 1545 715 1578 adversus
741 1553 831 1584 quern
856 1544 955 1584 iniqui
979 1547 1194 1583 surrexerunt,

455 1594 552 1632 Quem
578 1594 764 1632 synagogae
785 1592 960 1632 potentium
986 1591 1195 1632 quaesierunt,

456 1640 555 1679 Quem
579 1641 611 1671 in
636 1643 805 1678 conspeetu
830 1647 885 1670 suo
911 1648 972 1670 non
997 1641 1239 1678 proposuerunt,

456 1688 621 1720 Adversus
648 1694 739 1725 quem
763 1686 951 1725 praevalere
974 1695 1036 1718 non
1062 1689 1242 1724 potuerunt.

452 1773 532 1813 Ave,
558 1772 641 1811 Iesu,
668 1771 757 1802 Raab
783 1774 815 1802 et
839 1770 1013 1811 Babylonis
1036 1770 1193 1809 quondam
1222 1777 1352 1807 memor,

458 1819 586 1860 Nostra,
614 1826 740 1858 quaeso,
766 1818 805 1849 ob
831 1820 965 1856 peccata
987 1817 1090 1850 nostri
1112 1826 1152 1848 ne
1172 1817 1216 1848 sis
1243 1818 1407 1848 immemor

457 1866 521 1899 Sed
547 1867 630 1898 sicut
654 1864 729 1897 Sion
755 1864 891 1898 civitatis
916 1864 1056 1897 dilexisti
1074 1868 1193 1904 portas,

458 1914 512 1947 Sic
536 1923 555 1946 a
579 1916 633 1945 tua
656 1911 876 1945 misericordia
900 1921 962 1944 non
987 1920 1044 1944 nos
1069 1914 1205 1946 avertaS.

456 2001 537 2039 Ave,
563 2000 648 2039 Iesu,
671 2000 799 2030 nostrae
822 1996 908 2029 Deus
934 1998 1055 2036 salutis,

458 2048 556 2090 Tuae,
583 2054 709 2087 quaeso,
736 2053 856 2077 memor
881 2044 1084 2077 humanitatis

459 2096 595 2128 Nostras
622 2102 727 2126 coram
751 2096 784 2124 te
808 2094 844 2126 ut
868 2092 1018 2126 admittas
1044 2101 1165 2133 preces,

459 2143 506 2175 Te
529 2150 614 2175 nunc
638 2149 745 2174 omnes
772 2148 936 2173 exoramus
962 2139 1131 2181 supplices

459 2229 539 2273 Ave,
567 2227 654 2260 cuius
679 2224 914 2258 misericordias
940 2224 1084 2266 cantabo,

462 2277 557 2311 Cuius
583 2274 750 2307 veritatem
776 2281 831 2314 ego
856 2273 1058 2312 annuntiabo,

459 2324 543 2368 Tibi,
570 2323 653 2366 Iesu,
681 2330 805 2361 semper
832 2321 912 2353 caeli
939 2320 1184 2362 confitebuntur,

461 2372 535 2405 Tibi
559 2370 679 2404 inimici
703 2369 751 2402 tui
776 2367 980 2403 subicientur.

1286 2421 1329 2451 7*
