1650 2612
151 210 207 242 20.

148 616 204 648 21.

144 1023 200 1054 22.

143 1433 198 1464 23.

136 1841 191 1874 24.

658 122 914 157 —241—

238 214 315 251 Avc,
345 213 434 254 virgo
460 215 588 254 caelica,

281 267 360 298 quae
384 263 458 293 tunc
483 263 659 306 exsultasti,

233 306 365 346 Quando
392 308 583 341 desiderium

281 355 403 385 tantum
430 356 582 397 dilatasti,

231 400 322 440 Quod
349 403 505 434 caelorum
532 404 701 446 dominum,

277 447 370 486 alma,
397 449 545 482 baiulasti

230 494 274 526 Et
297 494 387 535 virgo
411 505 569 537 puerpera

280 541 380 573 Deum
408 544 638 577 demonstrasti.

230 618 310 660 Ave,
337 621 440 650 mater
464 619 606 659 audiens,

275 665 401 703 quando
427 667 619 705 praevenisti

207 711 281 742 -Acl
308 712 409 744 crucis
434 713 622 753 patibulum,

276 758 330 790 ubi
356 758 519 792 defecisti:

227 805 325 845 Deus,
353 806 438 838 Deus
463 816 561 848 meuS,
589 816 644 840 cur

275 862 326 884 mc
353 853 572 894 dereliquisti?

225 900 270 932 Et
293 900 447 933 transfixa
471 902 578 943 gladio

272 947 326 987 pie
353 947 508 981 defecisti.

226 1025 307 1064 Ave,
334 1024 421 1055 cuius
446 1033 565 1065 pascua

273 1070 415 1102 Christus
440 1072 605 1111 habitavit,

228 1118 322 1151 Cuius
348 1121 473 1150 sanctas
498 1119 645 1151 lacrimas

270 1167 364 1205 pater
388 1166 589 1208 adprobavit,

225 1213 338 1245 Totam
363 1213 459 1244 vitam
487 1212 638 1245 caelibem

273 1260 417 1293 Christus
444 1261 642 1292 consecravit

222 1309 267 1341 Et
290 1307 325 1338 in
348 1308 450 1346 patris
477 1308 609 1339 dextera

269 1363 376 1385 secum
402 1355 579 1387 collocavit.

221 1432 301 1469 Ave,
328 1431 438 1462 mundi
463 1431 573 1472 gloria,

271 1477 324 1510 fac
348 1487 404 1509 nos
430 1478 602 1518 spiritales,

221 1526 266 1559 Ut
291 1526 337 1557 sic
360 1525 452 1557 nobis
481 1533 603 1557 reseras

268 1576 379 1614 portas
403 1572 589 1615 aeternales,

223 1621 267 1653 Et
292 1620 448 1661 Christus,
474 1629 530 1651 rex
555 1620 684 1661 gloriae,

268 1677 342 1700 suos
368 1667 593 1699 commensales

219 1717 339 1748 Tecum
363 1724 489 1754 semper
515 1713 623 1746 videat

266 1763 384 1795 sanctis
409 1762 606 1802 coaequales.

219 1841 299 1877 Ave,
327 1838 387 1870 Dei
412 1838 566 1880 genetrix,

266 1887 307 1919 ad
333 1889 365 1917 te
390 1895 445 1917 cor
468 1886 620 1926 levamus,

217 1934 420 1967 Peccatrices
445 1933 566 1965 animas

263 1982 323 2014 tibi
348 1981 603 2013 commendamus

215 2031 260 2063 Et
285 2038 354 2061 cum
380 2029 486 2060 cordis
511 2028 630 2069 gemitu

261 2077 303 2110 ad
327 2080 359 2108 te
384 2076 560 2115 vigilamuS,

214 2126 251 2158 In
276 2124 499 2156 misericordia

262 2178 317 2206 tua
338 2172 544 2212 respiramus,

129 2252 183 2283 25.
211 2250 293 2288 Ave,
321 2248 431 2280 domus
456 2246 595 2286 Domini,

261 2297 357 2329 decor
381 2295 562 2334 aeternaliS,

218 2343 314 2378 Cuius
340 2346 390 2375 est
412 2344 446 2375 in
471 2341 575 2384 gloria

260 2392 363 2424 honor
387 2390 566 2432 singularis,

171 2452 303 2476 DreveS.
320 2450 442 2472 Psalteria
458 2448 617 2477 Rhythmica.
648 2448 669 2471 1.

827 438 880 471 26.

825 841 878 873 27.

821 1246 876 1277 28.

819 1651 873 1682 29.

814 2059 868 2091 30.

911 220 995 259 Quae
1018 223 1051 254 in
1073 221 1133 252 Dei
1157 220 1222 253 filio

955 270 1041 310 patri
1066 271 1114 300 est
1137 268 1275 308 aequalis

908 314 951 346 Et
976 319 1024 348 est
1048 316 1149 348 sancti
1177 316 1308 355 spiritus

955 363 1085 395 thronus
1110 363 1321 403 triumphalis.

907 437 987 477 Ave,
1015 438 1101 478 virgo
1126 437 1310 476 praesidens

956 485 1035 516 caeli
1059 486 1092 517 in
1116 485 1244 524 honore,

908 532 961 563 Ad
985 540 1041 563 nos
1066 534 1191 563 sanctos
1217 532 1322 563 oculos

955 582 1043 610 verte
1068 586 1137 609 cum
1162 587 1277 620 amore,

907 624 1074 657 Intercede
1097 625 1279 664 supplicans

953 681 1011 711 pro
1036 680 1086 703 me
1109 675 1287 711 peccatore,

905 718 949 751 Ut
973 719 1014 750 ad
1039 722 1071 750 te
1094 720 1277 758 perveniam

954 766 1063 797 mortis
1087 765 1120 796 in
1145 775 1252 806 agone.

904 842 983 879 Ave,
1011 841 1097 872 cuius

952 889 1057 927 proles
1081 886 1184 926 plebis
1209 887 1303 926 salus,

903 935 966 967 Per
991 944 1083 974 quam
1108 934 1208 965 omnis

950 980 1032 1021 fugit
1055 982 1154 1013 hostis
1178 981 1289 1021 malus,

903 1029 1003 1060 Tuam
1027 1029 1115 1060 salva

951 1076 1087 1114 plebem,
1113 1083 1153 1105 ne
1177 1075 1219 1106 sit
1243 1075 1325 1106 ullus

904 1123 965 1154 Tui
990 1131 1102 1161 expers

952 1170 1036 1209 doni,
1063 1169 1203 1209 quamvis
1227 1169 1337 1201 malus.

901 1245 981 1284 Ave,
1007 1244 1069 1276 Dei
1092 1244 1246 1286 genetrix,

951 1291 1000 1322 cui
1024 1290 1204 1323 detulerunt

901 1338 989 1378 Magi
1015 1347 1072 1370 sua
1095 1346 1236 1378 munera,

950 1394 1018 1416 cum
1043 1384 1263 1429 adoraverunt,

900 1432 1001 1464 Tuum
1025 1432 1227 1472 puerperium

947 1480 994 1511 sic
1018 1479 1264 1520 exsultaverunt,

901 1526 977 1559 Cum
1003 1528 1044 1559 ad
1068 1527 1180 1558 stellae
1204 1528 1328 1559 radium

947 1574 1050 1606 Deum
1074 1578 1297 1613 cognoverunt.

899 1650 979 1689 Ave,
1005 1649 1114 1681 mundi
1137 1649 1249 1690 gloria,

945 1700 980 1727 tu
1005 1705 1055 1728 me
1081 1696 1120 1727 de
1144 1695 1268 1728 inferno

899 1744 1057 1784 Eduxisti,
1085 1743 1219 1786 domina,

944 1791 1062 1823 lumine
1085 1799 1232 1831 superno,

899 1838 1031 1878 Suscipe
1055 1846 1113 1875 me,
1140 1839 1294 1880 supplico,

945 1886 1074 1918 brachio
1099 1888 1241 1917 materno

897 1933 1061 1973 Ulnisque‚
1088 1936 1123 1964 ut
1148 1941 1274 1966 cernam
1298 1938 1330 1967 te

943 1981 1012 2013 visu
1037 1981 1239 2019 sempiterno.

895 2058 975 2097 Ave,
1003 2060 1090 2089 cuius
1116 2056 1199 2089 filius

943 2108 1075 2137 mortem
1101 2106 1252 2144 patiendo

895 2153 1098 2185 Exclamavit
1122 2151 1264 2188 fortiter:

942 2200 999 2232 tibi
1030 2202 1250 2234 recommendo

897 2247 1074 2280 Gloriosum
1099 2248 1245 2288 spiritum

943 2296 1028 2327 sitim
1053 2295 1212 2340 patiendo,

896 2344 958 2376 Per
983 2343 1112 2376 effusum
1137 2345 1319 2385 sanguinem

943 2392 1093 2424 mundum
1116 2392 1311 2427 redimendo.

1213 2447 1247 2477 16
