1650 2612
672 106 923 140 —154—

204 200 233 233 9.
257 201 335 243 Ave,
364 201 493 233 thronus
518 201 647 240 gratiae,

176 604 230 636 10.

173 1007 226 1038 11.

173 1408 225 1439 12.

172 1813 225 1845 13.

170 2215 225 2248 14.

305 250 405 280 mater
429 248 501 279 Iesu
527 247 656 287 Christi,

261 295 346 333 Quae
370 295 438 327 sola
463 294 626 334 concipere

302 343 390 380 virgo
414 341 565 379 meruisti,

257 387 436 420 Confitebor
460 388 604 427 Domino,

301 444 391 474 quem
415 435 460 465 sic
484 435 628 476 genuisti,

255 482 343 520 Quod
367 490 426 513 nec
449 482 532 512 inter
557 482 694 521 virgines

300 536 409 560 nomen
434 528 576 561 amisisti.

253 604 333 643 Ave,
359 604 446 643 virgo
473 603 637 643 virginum,

300 659 358 689 per
383 660 473 690 quam
499 652 739 691 transmigratur

253 697 355 736 Super
378 706 470 728 unum
494 698 654 736 montium,

299 744 331 774 in
357 752 415 782 quo
442 744 620 776 victimatur

258 791 359 829 Vepre
382 793 486 821 tentus
511 792 602 829 aries,

298 837 382 868 unde
406 838 579 869 redimatur

253 884 415 923 Prodigus,
442 884 494 923 qui
517 886 642 917 rediens

301 931 419 962 veniam
443 936 600 970 precatur.

251 1007 330 1037 Ave.
357 1009 455 1038 mater
477 1006 613 1048 Domini,

296 1057 406 1092 mater,
430 1053 566 1093 inquam,
593 1062 660 1094 ave,

252 1099 326 1138 Fac,
352 1104 388 1130 ut,
413 1099 532 1131 Christi
555 1101 689 1132 baiulem

299 1146 403 1185 iugum
427 1155 610 1188 praesuave,

252 1193 317 1230 Quo
343 1192 544 1225 beatitudinis

300 1241 459 1279 particeps
483 1243 612 1272 octavae

253 1286 396 1319 Liberari
418 1294 540 1317 merear

297 1333 419 1372 primae
441 1333 551 1365 matris
577 1343 596 1364 a
619 1342 686 1366 vae.

252 1409 330 1445 Ave,
357 1409 443 1447 virgo
468 1410 591 1440 nomine

298 1456 407 1485 matris
431 1455 587 1497 insignita,

253 1501 429 1533 Gratiarum
457 1500 556 1533 fertili

298 1549 370 1579 dote
391 1550 596 1588 praemunita,

251 1595 354 1634 Purga
376 1596 488 1626 mentis
513 1597 619 1638 aciem,

301 1651 360 1681 quo
377 1643 419 1673 sit
443 1644 600 1682 expedita,

251 1689 299 1719 Ne
323 1698 457 1728 unquam
483 1689 660 1722 obdormiat

295 1737 328 1766 in
352 1740 452 1767 morte
476 1738 587 1775 sopita.

251 1815 330 1847 Ave,
355 1812 504 1851 templum
530 1813 661 1852 gratiae,

297 1860 444 1898 templum
471 1861 656 1897 sanctitatis,

251 1905 415 1944 Templum
440 1907 541 1937 sancti
565 1908 705 1948 spiritus,

299 1952 428 1983 thronus
455 1953 635 1994 maiestatis,

254 1998 348 2030 Salva
372 2008 422 2030 me
445 2008 504 2037 per
525 2001 668 2039 gratiam,

295 2046 391 2086 salva,
418 2054 542 2086 quaeso,
568 2048 674 2086 gratis,

248 2092 294 2125 Ut
317 2093 424 2123 sortiri
453 2093 571 2124 valeam

296 2147 422 2178 regnum
450 2148 518 2170 cum
540 2141 651 2173 beatis

248 2215 328 2253 Ave,
355 2214 590 2246 tabernaculum

297 2260 379 2300 regis
404 2270 497 2292 manu
523 2261 623 2302 fortis,

249 2309 312 2341 Per
337 2317 429 2347 quam
446 2308 588 2340 Christus
612 2310 771 2351 particeps

294 2354 395 2387 factus
419 2360 547 2388 nostrae
570 2357 679 2389 mortis

930 198 1054 229 Fra-ctis
1079 197 1168 238 seris,
1195 197 1336 230 vectibus

976 248 1007 276 et
1030 244 1146 276 inferni
1170 246 1271 284 portis

927 291 993 323 Nos
1018 300 1038 322 a
1060 294 1162 323 morte
1186 294 1314 324 revocat

976 338 1185 377 triumphator
1208 338 1310 371 fortis,

848 416 901 448 15.
927 415 1006 453 Ave,
1033 415 1163 445 thronus
1188 414 1307 453 gratiae

972 461 1040 500 regi
1065 465 1284 502 praeparatus,

924 508 975 539 Ex
1000 516 1064 550 qua
1086 507 1176 538 nobis
1200 508 1322 548 prodiit.

969 553 1046 586 felix
1073 554 1254 594 advocatus,

922 602 1041 633 Nostra
1064 600 1101 632 fit
1124 601 1284 632 hereditas

971 647 1112 680 Christus
1137 656 1175 678 ex
1200 651 1232 679 te
1256 650 1358 687 natus,

925 696 1097 728 Conservet
1121 695 1174 733 qui
1199 694 1343 731 famulos,

970 743 1133 775 Condonet
1156 745 1272 774 reatuS.

844 818 897 851 16.
922 818 1003 856 Ave,
1029 817 1103 848 solis
1130 817 1250 858 civitas,

967 866 999 894 in
1026 872 1118 904 quam
1142 864 1287 895 introivit

919 911 988 942 Rex
1013 919 1120 950 regum
1146 913 1177 941 et
1201 910 1355 949 dominus,

968 957 1020 996 qui
1044 962 1076 988 te
1100 958 1290 997 concupivit,

924 1005 986 1036 Per
1011 1007 1043 1035 te
1065 1013 1122 1035 nos
1148 1004 1305 1043 exaudiet,

968 1051 1029 1081 sibi
1055 1060 1131 1090 quos
1156 1052 1267 1090 univit,

921 1097 983 1129 Suo
1007 1099 1097 1128 vultu
1121 1098 1251 1139 satians,

985 1145 1096 1183 quibus
1122 1145 1262 1177 esurivit.

843 1221 894 1250 17.
920 1221 999 1259 Ave,
1026 1220 1112 1259 virgo
1137 1219 1302 1260 virginum,

970 1266 1010 1297 de
1034 1276 1095 1306 qua
1118 1266 1273 1298 mediator

922 1313 974 1345 Ad
999 1321 1055 1344 nos
1081 1313 1175 1353 venit,
1201 1314 1335 1344 hostium

966 1368 1057 1391 verus
1081 1359 1325 1401 thriumphator‚

920 1407 1035 1438 Hostes
1060 1410 1183 1438 nostros
1209 1411 1352 1438 conterat

967 1452 1058 1484 fortis
1083 1458 1287 1493 expugnator,

922 1501 967 1533 Ut
990 1500 1047 1531 fiat
1068 1509 1128 1540 per
1151 1502 1284 1539 gratiam

965 1547 1084 1586 gloriae
1109 1548 1252 1580 collator.

843 1623 896 1656 18.
922 1624 1001 1662 Ave,
1028 1624 1103 1655 solis
1128 1624 1222 1667 regia,

967 1671 1007 1701 de
1030 1680 1092 1710 qua
1116 1679 1207 1702 verus
1233 1671 1299 1702 exit

919 1717 992 1748 Veri
1019 1718 1094 1749 solis
1118 1718 1237 1760 radius,

966 1764 1094 1796 fraudes
1119 1765 1172 1804 qui
1198 1765 1317 1797 detexit

922 1812 1031 1843 Hostis
1056 1815 1088 1843 et
1111 1814 1276 1852 versutias,

966 1858 1077 1898 quibus
1101 1868 1158 1890 nos
1181 1859 1293 1902 illexit,

919 1906 1015 1937 Ovem
1042 1915 1194 1946 quaerens
1217 1908 1384 1946 perditam,

967 1954 1054 1993 gregi
1079 1962 1169 1993 quam
1196 1954 1326 1985 revexit.

842 2030 895 2062 19.
922 2029 1001 2066 Ave,
1026 2030 1119 2068 plena
1144 2030 1255 2068 gratia,

968 2076 1111 2114 speciosa
1135 2079 1210 2117 tota,

920 2123 1015 2162 Virgo
1040 2123 1189 2161 prudenS,
1215 2123 1352 2162 humilis,

967 2169 1035 2200 sine
1058 2169 1163 2201 sordis
1186 2173 1269 2213 nota,

921 2216 1070 2248 Nostrum
1095 2216 1282 2248 sacrificium

969 2264 1093 2303 suscipe
1119 2264 1242 2304 devota,

922 2311 1030 2343 Mores
1054 2313 1180 2342 nostros
1205 2311 1366 2355 ordinans,

968 2356 1096 2390 affectus
1119 2360 1150 2388 et
1174 2362 1255 2393 vota.
