1650 2612
415 214 471 247 19.

418 433 472 465 20.

418 657 473 690 21.

421 883 477 914 22.

418 1108 473 1141 23.

414 1334 470 1366 24.

413 1561 470 1593 25.

414 1789 469 1821 26.

414 2018 470 2052 27.

415 2247 470 2281 28.

693 118 952 156 —403—

500 216 581 254 Ave,
608 215 692 259 lesu,
719 217 761 248 ad
787 224 878 257 quem
903 225 1010 248 omnes
1033 215 1085 256 qui
1112 213 1293 256 confugiunt

507 263 544 295 In
569 261 774 295 tribulatione
798 264 936 296 solamen
962 264 1111 302 sentiunt,

502 308 650 341 Animam
672 318 773 341 meam
799 312 834 341 tu
858 311 960 343 libera
983 311 1022 343 ab
1047 310 1172 350 iniquis,

498 356 616 388 Tecum
646 360 684 387 ut
707 357 841 389 habeam
866 360 989 397 partem
1015 360 1047 389 et
1071 365 1138 388 cum
1164 357 1359 397 propinquis.

503 431 580 469 Ave,
605 431 689 474 Iesu,
709 432 762 472 qui
788 431 912 463 habitas
936 435 1068 476 montes,

499 478 661 510 Auxilium
685 480 771 511 unde
797 482 928 518 sperant
950 478 1073 521 fientes,

500 525 549 557 Tu
574 525 628 564 qui
654 526 774 557 caelum
802 524 906 558 fecisti
932 529 963 557 et
986 529 1114 565 terram,

501 572 564 605 Cor
587 576 622 603 tu
645 573 796 605 mundum
822 575 1020 613 mentemque
1045 574 1086 605 da
1109 581 1232 611 puram.

500 658 581 696 Ave,
607 657 660 696 qui
686 658 855 689 caelestem
879 657 1080 689 Hierusalem
1105 656 1240 696 habitas,

500 705 598 743 Quam
622 705 710 736 nulla
734 713 870 745 unquam
894 704 1074 744 ingreditur
1097 703 1258 743 iniqmtas,

499 750 561 790 Da,
586 753 623 781 ut.
647 751 791 782 omnibus
815 759 835 781 a
859 751 999 789 peccatis
1026 750 1212 781 emundatus

499 796 578 829 Eius
604 797 725 829 visione
749 807 812 830 non
836 797 895 829 sim
920 798 1054 837 posthac
1078 795 1259 829 frustratus.

503 882 583 921 Ave,
609 882 694 922 Iesu,
720 882 762 914 ad
787 889 879 922 quem
904 882 1010 914 oculos
1036 879 1199 914 sublevavi

498 928 704 961 Habitantem
726 929 761 961 in
785 928 892 971 caeliS,
919 937 1010 968 quem
1036 934 1162 967 semper
1185 928 1298 967 agnovi

500 975 612 1008 Omnia
636 976 872 1016 gubernantem,
897 975 960 1006 mei
984 975 1127 1008 misereri

500 1023 628 1062 Piisque
653 1023 752 1055 oculis
779 1025 894 1062 exopto
917 1022 1044 1055 intueri.

499 1107 579 1150 Ave,
605 1107 688 1147 Iesu,
713 1106 767 1146 qui
791 1105 853 1138 nisi
878 1104 1035 1137 adfuisses
1056 1104 1159 1147 nobis,

498 1155 598 1187 Forte
622 1161 752 1193 surgens
772 1154 805 1185 in
830 1161 888 1184 nos
913 1151 1003 1184 furor
1026 1153 1153 1191 iniquae
1177 1151 1281 1191 plebis

499 1202 597 1234 vivos
621 1209 678 1232 nos
703 1199 921 1232 absorbuisset
944 1209 1006 1232 uno
1030 1200 1162 1242 impetu,

495 1249 593 1288 Quem
617 1250 652 1279 tu
677 1247 899 1288 compescuisti
923 1247 956 1278 in
982 1247 1063 1279 oculi
1089 1246 1164 1278 ictu.

495 1334 574 1372 Ave,
601 1333 686 1373 Iesu,
710 1332 744 1364 in
769 1340 862 1373 quem
887 1340 995 1364 omnes
1018 1332 1072 1372 qui
1097 1329 1268 1371 confidunt,

494 1379 614 1412 Montis
639 1380 681 1412 ad
705 1380 807 1411 instar
829 1378 954 1411 stabilis
979 1388 1042 1411 non
1069 1377 1231 1417 decidunt,

497 1427 561 1460 Sed
586 1429 695 1459 euntes
721 1427 761 1459 de
785 1426 903 1460 virtute
927 1426 960 1458 in
986 1426 1135 1458 virtutem

495 1475 682 1508 Sanctorum
709 1475 866 1507 ducuntur
889 1474 931 1505 ad
957 1474 1150 1506 societatem.

496 1561 576 1600 Ave,
600 1560 685 1600 Iesu,
712 1559 777 1602 qui,
804 1558 878 1590 dum
904 1559 1061 1591 convertis
1085 1560 1282 1600 peccatores,

496 1606 628 1640 Animas
653 1607 759 1648 reples
782 1606 875 1639 bonis
900 1605 1039 1646 effugans
1066 1605 1201 1646 dolores,

497 1655 547 1686 Tu
570 1662 627 1685 nos
648 1654 752 1686 libera
777 1663 796 1686 a
817 1655 976 1693 potestate
1003 1653 1149 1693 Satanae,

494 1701 673 1741 Participes
697 1704 734 1732 ut
757 1709 814 1733 nos
835 1700 934 1732 simus
962 1700 1048 1732 vitae
1073 1702 1231 1734 aeternae.

495 1788 575 1830 Ave,
600 1786 683 1828 Iesu,
710 1784 923 1826 spiritualium
949 1785 1111 1817 domorum

494 1835 597 1867 Verus
621 1836 727 1865 custos
752 1835 847 1873 atque
872 1835 1074 1864 conservator
1098 1839 1215 1870 earum,

496 1883 548 1915 Da
571 1881 673 1923 nobiS,
701 1888 898 1921 quaesumus,
925 1882 998 1919 post
1021 1887 1134 1920 panem
1160 1879 1244 1910 hunc
1269 1878 1392 1915 doloris*

494 1929 572 1962 Tuis
596 1929 630 1960 in
653 1931 816 1960 aeternum
839 1927 917 1959 cibis
943 1926 1031 1960 refici
1056 1926 1149 1961 veris.

495 2017 575 2056 Ave,
602 2015 674 2048 Iesu
699 2015 849 2052 salvator,
876 2013 930 2053 qui
955 2022 988 2045 es
1013 2013 1087 2045 vitis
1112 2021 1200 2053 vera,

495 2065 566 2097 Tuo
593 2063 633 2095 de
656 2063 759 2095 latere
781 2062 889 2094 vinum
913 2063 945 2092 et
968 2070 1050 2101 aqua
1073 2069 1154 2101 pura

499 2112 673 2145 Manarunt
697 2110 795 2142 totius
820 2117 879 2148 pro
904 2108 1006 2141 salute
1028 2108 1149 2150 populi,

498 2159 617 2200 Quibus
643 2157 735 2190 abusi
759 2158 834 2190 sunt
858 2156 970 2188 Iudaei
990 2155 1159 2189 increduli.

495 2247 576 2286 Ave,
602 2245 686 2285 Iesu,
713 2252 806 2284 quem
830 2242 942 2275 Iudaei
968 2244 1239 2284 expugnaverunt,

497 2293 562 2327 Sed
585 2301 745 2333 nunquam
771 2299 951 2332 expugnare
976 2293 1157 2332 potuerunt,

497 2342 602 2382 Super
627 2341 756 2373 dorsum
780 2338 938 2372 fabricata
960 2339 1039 2371 tolle
1062 2340 1196 2379 peccata

500 2389 626 2423 Gaudia
650 2387 742 2421 nobis
769 2384 934 2420 conferens
962 2386 1080 2419 dudum
1105 2387 1224 2426 optata.
